[
{
    "model": "movies.movie",
    "pk": 1,
    "fields": {
        "movie_id": 502356,
        "title": "The Super Mario Bros. Movie",
        "release_date": "2023-04-05",
        "popularity": 6334.812,
        "vote_count": 3294,
        "vote_average": 7.735,
        "overview": "While working underground to fix a water main, Brooklyn plumbers—and brothers—Mario and Luigi are transported down a mysterious pipe and wander into a magical new world. But when the brothers are separated, Mario embarks on an epic quest to find Luigi.",
        "backdrop_path_original": "https://image.tmdb.org/t/p/original//nLBRD7UPR6GjmWQp6ASAfCTaWKX.jpg",
        "poster_path_original": "https://image.tmdb.org/t/p/original//qNBAXBIQlnOThrVvA6mA2B5ggV6.jpg",
        "trailerUrl": "https://www.youtube.com/embed/8rHNp7cPUb0?autoplay=1&mute=1&loop=1&playlist=8rHNp7cPUb0",
        "budget": 100000000,
        "revenue": 1228450015,
        "runtime": 92,
        "homepage": "https://www.thesupermariobros.movie",
        "genres": [
            12,
            14,
            16,
            35,
            10751
        ],
        "production_companies": [
            33,
            6704,
            12288
        ],
        "movie_like_users": [],
        "movie_dislike_users": [],
        "actor": [
            19274,
            24362,
            61110,
            65640,
            70851,
            73457,
            95101,
            176340,
            298410,
            299743,
            1397778
        ]
    }
},
{
    "model": "movies.movie",
    "pk": 2,
    "fields": {
        "movie_id": 385687,
        "title": "Fast X",
        "release_date": "2023-05-17",
        "popularity": 5303.599,
        "vote_count": 376,
        "vote_average": 6.9,
        "overview": "Over many missions and against impossible odds, Dom Toretto and his family have outsmarted, out-nerved and outdriven every foe in their path. Now, they confront the most lethal opponent they've ever faced: A terrifying threat emerging from the shadows of the past who's fueled by blood revenge, and who is determined to shatter this family and destroy everything—and everyone—that Dom loves, forever.",
        "backdrop_path_original": "https://image.tmdb.org/t/p/original//4t0oBFrJyweYPt0hocW6RUa0b6H.jpg",
        "poster_path_original": "https://image.tmdb.org/t/p/original//1E5baAaEse26fej7uHcjOgEE2t2.jpg",
        "trailerUrl": "https://www.youtube.com/embed/kshxFw49kaI?autoplay=1&mute=1&loop=1&playlist=kshxFw49kaI",
        "budget": 340000000,
        "revenue": 267300000,
        "runtime": 142,
        "homepage": "https://fastxmovie.com",
        "genres": [
            12,
            28,
            53,
            80,
            9648
        ],
        "production_companies": [
            33,
            333,
            1225,
            34530
        ],
        "movie_like_users": [],
        "movie_dislike_users": [],
        "actor": [
            976,
            6885,
            8169,
            8171,
            12835,
            13299,
            15735,
            17647,
            22123,
            22462,
            56446,
            60073,
            61697,
            64295,
            117642,
            928572,
            1251069,
            1784612
        ]
    }
},
{
    "model": "movies.movie",
    "pk": 3,
    "fields": {
        "movie_id": 713704,
        "title": "Evil Dead Rise",
        "release_date": "2023-04-12",
        "popularity": 2789.156,
        "vote_count": 1252,
        "vote_average": 7.1,
        "overview": "Three siblings find an ancient vinyl that gives birth to bloodthirsty demons that run amok in a Los Angeles apartment building and thrusts them into a primal battle for survival as they face the most nightmarish version of family imaginable.",
        "backdrop_path_original": "https://image.tmdb.org/t/p/original//aAgGrfBwna1nO4M2USxwFgK5O0t.jpg",
        "poster_path_original": "https://image.tmdb.org/t/p/original//5ik4ATKmNtmJU6AYD0bLm56BCVM.jpg",
        "trailerUrl": "https://www.youtube.com/embed/2wc5VpRc450?autoplay=1&mute=1&loop=1&playlist=2wc5VpRc450",
        "budget": 15000000,
        "revenue": 134512122,
        "runtime": 96,
        "homepage": "https://www.evildeadrisemovie.com",
        "genres": [
            14,
            27,
            53
        ],
        "production_companies": [
            12,
            467,
            768,
            7893,
            129815
        ],
        "movie_like_users": [],
        "movie_dislike_users": [],
        "actor": [
            220620,
            1186659
        ]
    }
},
{
    "model": "movies.movie",
    "pk": 4,
    "fields": {
        "movie_id": 840326,
        "title": "Sisu",
        "release_date": "2023-01-27",
        "popularity": 3772.35,
        "vote_count": 315,
        "vote_average": 7.456,
        "overview": "Deep in the wilderness of Lapland, Aatami Korpi is searching for gold but after he stumbles upon Nazi patrol, a breathtaking and gold-hungry chase through the destroyed and mined Lapland wilderness begins.",
        "backdrop_path_original": "https://image.tmdb.org/t/p/original//94TIUEhuwv8PhdIADEvSuwPljS5.jpg",
        "poster_path_original": "https://image.tmdb.org/t/p/original//pnQYjDxqZ3C6reI8N0MfNi4NMkZ.jpg",
        "trailerUrl": "https://www.youtube.com/embed/ziKvQo1WCRE?autoplay=1&mute=1&loop=1&playlist=ziKvQo1WCRE",
        "budget": 6200000,
        "revenue": 10568631,
        "runtime": 91,
        "homepage": "",
        "genres": [
            28,
            10752
        ],
        "production_companies": [
            11341,
            62408,
            182028
        ],
        "movie_like_users": [],
        "movie_dislike_users": [],
        "actor": [
            76547,
            148012
        ]
    }
},
{
    "model": "movies.movie",
    "pk": 5,
    "fields": {
        "movie_id": 640146,
        "title": "Ant-Man and the Wasp: Quantumania",
        "release_date": "2023-02-15",
        "popularity": 2495.741,
        "vote_count": 2855,
        "vote_average": 6.515,
        "overview": "Super-Hero partners Scott Lang and Hope van Dyne, along with with Hope's parents Janet van Dyne and Hank Pym, and Scott's daughter Cassie Lang, find themselves exploring the Quantum Realm, interacting with strange new creatures and embarking on an adventure that will push them beyond the limits of what they thought possible.",
        "backdrop_path_original": "https://image.tmdb.org/t/p/original//m8JTwHFwX7I7JY5fPe4SjqejWag.jpg",
        "poster_path_original": "https://image.tmdb.org/t/p/original//qnqGbB22YJ7dSs4o6M7exTpNxPz.jpg",
        "trailerUrl": "https://www.youtube.com/embed/HCC63CABBL8?autoplay=1&mute=1&loop=1&playlist=HCC63CABBL8",
        "budget": 200000000,
        "revenue": 475766228,
        "runtime": 125,
        "homepage": "https://www.marvel.com/movies/ant-man-and-the-wasp-quantumania",
        "genres": [
            12,
            28,
            878
        ],
        "production_companies": [
            420,
            176762
        ],
        "movie_like_users": [],
        "movie_dislike_users": [],
        "actor": [
            1160,
            1532,
            3392,
            19034,
            22226,
            74541,
            83854,
            221192,
            1410478,
            1674162
        ]
    }
},
{
    "model": "movies.movie",
    "pk": 6,
    "fields": {
        "movie_id": 842675,
        "title": "The Wandering Earth II",
        "release_date": "2023-01-22",
        "popularity": 1862.527,
        "vote_count": 220,
        "vote_average": 7.164,
        "overview": "A prequel to The Wandering Earth.",
        "backdrop_path_original": "https://image.tmdb.org/t/p/original//qElNES0sHVQcbzvGrTx7ccpGzij.jpg",
        "poster_path_original": "https://image.tmdb.org/t/p/original//pR858ihc6Ls9xohpdRJVjV787ml.jpg",
        "trailerUrl": "https://www.youtube.com/embed/23XQsJMYG84?autoplay=1&mute=1&loop=1&playlist=23XQsJMYG84",
        "budget": 73801827,
        "revenue": 604380922,
        "runtime": 173,
        "homepage": "https://trinitycineasia.com/in-cinemas/the-wandering-earth-ii/",
        "genres": [
            18,
            28,
            878
        ],
        "production_companies": [
            14714,
            191194
        ],
        "movie_like_users": [],
        "movie_dislike_users": [],
        "actor": [
            78871,
            143358,
            235518,
            1985026,
            2044184
        ]
    }
},
{
    "model": "movies.movie",
    "pk": 7,
    "fields": {
        "movie_id": 882569,
        "title": "Guy Ritchie's The Covenant",
        "release_date": "2023-04-19",
        "popularity": 2482.481,
        "vote_count": 307,
        "vote_average": 7.565,
        "overview": "During the war in Afghanistan, a local interpreter risks his own life to carry an injured sergeant across miles of grueling terrain.",
        "backdrop_path_original": "https://image.tmdb.org/t/p/original//eTvN54pd83TrSEOz6wbsXEJktCV.jpg",
        "poster_path_original": "https://image.tmdb.org/t/p/original//aX0H63vho7rZ9Rm3I567Zf00Z1t.jpg",
        "trailerUrl": "https://www.youtube.com/embed/GAjlZOTDV6o?autoplay=1&mute=1&loop=1&playlist=GAjlZOTDV6o",
        "budget": 55000000,
        "revenue": 15100000,
        "runtime": 123,
        "homepage": "https://www.mgmstudios.com/the-covenant",
        "genres": [
            28,
            53,
            10752
        ],
        "production_companies": [
            2900,
            47729
        ],
        "movie_like_users": [],
        "movie_dislike_users": [],
        "actor": [
            131,
            9012,
            23498,
            60373,
            130414,
            234907,
            1033691,
            1523242
        ]
    }
},
{
    "model": "movies.movie",
    "pk": 8,
    "fields": {
        "movie_id": 603692,
        "title": "John Wick: Chapter 4",
        "release_date": "2023-03-22",
        "popularity": 2421.682,
        "vote_count": 1607,
        "vote_average": 7.953,
        "overview": "With the price on his head ever increasing, John Wick uncovers a path to defeating The High Table. But before he can earn his freedom, Wick must face off against a new enemy with powerful alliances across the globe and forces that turn old friends into foes.",
        "backdrop_path_original": "https://image.tmdb.org/t/p/original//fgw4rFs4XMWdJTWp1eMacHKQqbZ.jpg",
        "poster_path_original": "https://image.tmdb.org/t/p/original//vZloFAK7NmvMGKE7VkF5UHaz0I.jpg",
        "trailerUrl": "https://www.youtube.com/embed/vBwj0QpKbSM?autoplay=1&mute=1&loop=1&playlist=vBwj0QpKbSM",
        "budget": 90000000,
        "revenue": 426769198,
        "runtime": 170,
        "homepage": "https://johnwick.movie",
        "genres": [
            28,
            53,
            80
        ],
        "production_companies": [
            264,
            491,
            3528,
            23008
        ],
        "movie_like_users": [],
        "movie_dislike_users": [],
        "actor": [
            1341,
            2975,
            6384,
            6574,
            6972,
            9195,
            78110,
            129101,
            137905,
            2337629
        ]
    }
},
{
    "model": "movies.movie",
    "pk": 9,
    "fields": {
        "movie_id": 552688,
        "title": "The Mother",
        "release_date": "2023-05-04",
        "popularity": 2381.904,
        "vote_count": 522,
        "vote_average": 6.76,
        "overview": "A deadly female assassin comes out of hiding to protect the daughter that she gave up years before, while on the run from dangerous men.",
        "backdrop_path_original": "https://image.tmdb.org/t/p/original//i1eghEBiC0gN4KnwuUGC2fNiX1f.jpg",
        "poster_path_original": "https://image.tmdb.org/t/p/original//vnRthEZz16Q9VWcP5homkHxyHoy.jpg",
        "trailerUrl": "https://www.youtube.com/embed/JsagwgKRoac?autoplay=1&mute=1&loop=1&playlist=JsagwgKRoac",
        "budget": 0,
        "revenue": 0,
        "runtime": 115,
        "homepage": "https://www.netflix.com/title/80210920",
        "genres": [
            28,
            53
        ],
        "production_companies": [
            829,
            1620
        ],
        "movie_like_users": [],
        "movie_dislike_users": [],
        "actor": [
            258,
            12763,
            16866,
            36190,
            41556,
            66525,
            109669,
            172799,
            172833,
            1216195,
            1653905,
            2113164,
            3063801,
            3622158
        ]
    }
},
{
    "model": "movies.movie",
    "pk": 10,
    "fields": {
        "movie_id": 758323,
        "title": "The Pope's Exorcist",
        "release_date": "2023-04-05",
        "popularity": 2133.994,
        "vote_count": 1131,
        "vote_average": 7.246,
        "overview": "Father Gabriele Amorth, Chief Exorcist of the Vatican, investigates a young boy's terrifying possession and ends up uncovering a centuries-old conspiracy the Vatican has desperately tried to keep hidden.",
        "backdrop_path_original": "https://image.tmdb.org/t/p/original//hiHGRbyTcbZoLsYYkO4QiCLYe34.jpg",
        "poster_path_original": "https://image.tmdb.org/t/p/original//4IjRR2OW2itjQWQnmlUzvwLz9DQ.jpg",
        "trailerUrl": "https://www.youtube.com/embed/g0D03gd2n6k?autoplay=1&mute=1&loop=1&playlist=g0D03gd2n6k",
        "budget": 18000000,
        "revenue": 70204828,
        "runtime": 103,
        "homepage": "https://www.thepopes-exorcist.movie",
        "genres": [
            14,
            27,
            53
        ],
        "production_companies": [
            3287,
            84792,
            177894,
            177895,
            177896,
            194987
        ],
        "movie_like_users": [],
        "movie_dislike_users": [],
        "actor": [
            934,
            22383,
            210454,
            1172147,
            2850009,
            4041888
        ]
    }
},
{
    "model": "movies.movie",
    "pk": 11,
    "fields": {
        "movie_id": 594767,
        "title": "Shazam! Fury of the Gods",
        "release_date": "2023-03-15",
        "popularity": 1839.757,
        "vote_count": 1688,
        "vote_average": 6.768,
        "overview": "Billy Batson and his foster siblings, who transform into superheroes by saying \"Shazam!\", are forced to get back into action and fight the Daughters of Atlas, who they must stop from using a weapon that could destroy the world.",
        "backdrop_path_original": "https://image.tmdb.org/t/p/original//nDxJJyA5giRhXx96q1sWbOUjMBI.jpg",
        "poster_path_original": "https://image.tmdb.org/t/p/original//A3ZbZsmsvNGdprRi2lKgGEeVLEH.jpg",
        "trailerUrl": "https://www.youtube.com/embed/79STS8HB9oU?autoplay=1&mute=1&loop=1&playlist=79STS8HB9oU",
        "budget": 125000000,
        "revenue": 133437105,
        "runtime": 130,
        "homepage": "",
        "genres": [
            14,
            28,
            35
        ],
        "production_companies": [
            12,
            11565,
            128064
        ],
        "movie_like_users": [],
        "movie_dislike_users": [],
        "actor": [
            140,
            938,
            5727,
            11702,
            15735,
            22122,
            51976,
            54633,
            69899,
            111698,
            118236,
            1181306,
            1211946,
            1223718,
            1299232,
            1397359,
            1726891,
            1768966,
            1774679,
            1940197,
            2217977
        ]
    }
},
{
    "model": "movies.movie",
    "pk": 12,
    "fields": {
        "movie_id": 620705,
        "title": "Crater",
        "release_date": "2023-05-12",
        "popularity": 1571.634,
        "vote_count": 100,
        "vote_average": 6.72,
        "overview": "After the death of his father, a boy growing up on a lunar mining colony takes a trip to explore a legendary crater, along with his four best friends, prior to being permanently relocated to another planet.",
        "backdrop_path_original": "https://image.tmdb.org/t/p/original//mfPfFVhpnGp8bG4IUoBJPUs2xKj.jpg",
        "poster_path_original": "https://image.tmdb.org/t/p/original//n8ZpMwYT02XjpQHpSxn1eJw5Zpz.jpg",
        "trailerUrl": "https://www.youtube.com/embed/XTjwdA1dEFI?autoplay=1&mute=1&loop=1&playlist=XTjwdA1dEFI",
        "budget": 0,
        "revenue": 0,
        "runtime": 104,
        "homepage": "https://www.disneyplus.com/movies/crater/Aok0wGua7Snq",
        "genres": [
            12,
            28,
            878,
            10751
        ],
        "production_companies": [
            2,
            2575
        ],
        "movie_like_users": [],
        "movie_dislike_users": [],
        "actor": [
            1172108,
            1840063,
            2392706
        ]
    }
},
{
    "model": "movies.movie",
    "pk": 13,
    "fields": {
        "movie_id": 76600,
        "title": "Avatar: The Way of Water",
        "release_date": "2022-12-14",
        "popularity": 1729.089,
        "vote_count": 8132,
        "vote_average": 7.702,
        "overview": "Set more than a decade after the events of the first film, learn the story of the Sully family (Jake, Neytiri, and their kids), the trouble that follows them, the lengths they go to keep each other safe, the battles they fight to stay alive, and the tragedies they endure.",
        "backdrop_path_original": "https://image.tmdb.org/t/p/original//suw8eyL3YwE4wfzPQ0cLR02k0Gh.jpg",
        "poster_path_original": "https://image.tmdb.org/t/p/original//t6HIqrRAclMCA60NsSmeqe9RmNV.jpg",
        "trailerUrl": "https://www.youtube.com/embed/ILOFdzFH6SU?autoplay=1&mute=1&loop=1&playlist=ILOFdzFH6SU",
        "budget": 460000000,
        "revenue": 2319794231,
        "runtime": 192,
        "homepage": "https://www.avatar.com/movies/avatar-the-way-of-water",
        "genres": [
            12,
            28,
            878
        ],
        "production_companies": [
            574,
            127928
        ],
        "movie_like_users": [],
        "movie_dislike_users": [],
        "actor": [
            204,
            1771,
            7248,
            8691,
            10205,
            30485,
            32747,
            36190,
            55936,
            59231,
            65731,
            1663672,
            1729393
        ]
    }
},
{
    "model": "movies.movie",
    "pk": 14,
    "fields": {
        "movie_id": 447365,
        "title": "Guardians of the Galaxy Vol. 3",
        "release_date": "2023-05-03",
        "popularity": 1866.821,
        "vote_count": 1492,
        "vote_average": 8.12,
        "overview": "Peter Quill, still reeling from the loss of Gamora, must rally his team around him to defend the universe along with protecting one of their own. A mission that, if not completed successfully, could quite possibly lead to the end of the Guardians as we know them.",
        "backdrop_path_original": "https://image.tmdb.org/t/p/original//51vreLbrGwzAg4WRCHgitWz6Naw.jpg",
        "poster_path_original": "https://image.tmdb.org/t/p/original//r2J02Z2OpNTctfOSN1Ydgii51I3.jpg",
        "trailerUrl": "https://www.youtube.com/embed/tfrGciwxyXQ?autoplay=1&mute=1&loop=1&playlist=tfrGciwxyXQ",
        "budget": 250000000,
        "revenue": 658801000,
        "runtime": 150,
        "homepage": "https://www.marvel.com/movies/guardians-of-the-galaxy-volume-3",
        "genres": [
            12,
            28,
            878
        ],
        "production_companies": [
            420,
            176762
        ],
        "movie_like_users": [],
        "movie_dislike_users": [],
        "actor": [
            8691,
            12835,
            16483,
            51329,
            51663,
            73457,
            93491,
            105238,
            139820,
            543261,
            543530,
            1133349,
            2408703
        ]
    }
},
{
    "model": "movies.movie",
    "pk": 15,
    "fields": {
        "movie_id": 677179,
        "title": "Creed III",
        "release_date": "2023-03-01",
        "popularity": 1067.154,
        "vote_count": 1420,
        "vote_average": 7.276,
        "overview": "After dominating the boxing world, Adonis Creed has been thriving in both his career and family life. When a childhood friend and former boxing prodigy, Damian Anderson, resurfaces after serving a long sentence in prison, he is eager to prove that he deserves his shot in the ring. The face-off between former friends is more than just a fight. To settle the score, Adonis must put his future on the line to battle Damian — a fighter who has nothing to lose.",
        "backdrop_path_original": "https://image.tmdb.org/t/p/original//5i6SjyDbDWqyun8klUuCxrlFbyw.jpg",
        "poster_path_original": "https://image.tmdb.org/t/p/original//cvsXj3I9Q2iyyIo95AecSd1tad7.jpg",
        "trailerUrl": "https://www.youtube.com/embed/qphf_-PPaaI?autoplay=1&mute=1&loop=1&playlist=qphf_-PPaaI",
        "budget": 75000000,
        "revenue": 269000000,
        "runtime": 116,
        "homepage": "https://www.mgmstudios.com/creed-iii",
        "genres": [
            18,
            28
        ],
        "production_companies": [
            21,
            12252,
            102334,
            148495,
            166120
        ],
        "movie_like_users": [],
        "movie_dislike_users": [],
        "actor": [
            62561,
            119598,
            135651,
            1674162
        ]
    }
},
{
    "model": "movies.movie",
    "pk": 16,
    "fields": {
        "movie_id": 868759,
        "title": "Ghosted",
        "release_date": "2023-04-18",
        "popularity": 1270.971,
        "vote_count": 863,
        "vote_average": 7.048,
        "overview": "Salt-of-the-earth Cole falls head over heels for enigmatic Sadie — but then makes the shocking discovery that she’s a secret agent. Before they can decide on a second date, Cole and Sadie are swept away on an international adventure to save the world.",
        "backdrop_path_original": "https://image.tmdb.org/t/p/original//b9UCfDzwiWw7mIFsIQR9ZJUeh7q.jpg",
        "poster_path_original": "https://image.tmdb.org/t/p/original//liLN69YgoovHVgmlHJ876PKi5Yi.jpg",
        "trailerUrl": "https://www.youtube.com/embed/wVFPD2oPgRs?autoplay=1&mute=1&loop=1&playlist=wVFPD2oPgRs",
        "budget": 0,
        "revenue": 0,
        "runtime": 120,
        "homepage": "https://tv.apple.com/movie/umc.cmc.6nodv9rf3ltfk2ar3pfc8hced",
        "genres": [
            28,
            35,
            10749
        ],
        "production_companies": [
            82819
        ],
        "movie_like_users": [],
        "movie_dislike_users": [],
        "actor": [
            1462,
            3490,
            4025,
            10859,
            12110,
            15455,
            16828,
            39659,
            53650,
            60898,
            62385,
            63279,
            68842,
            109046,
            224513,
            935235,
            1324443,
            1376782
        ]
    }
},
{
    "model": "movies.movie",
    "pk": 17,
    "fields": {
        "movie_id": 1102776,
        "title": "AKA",
        "release_date": "2023-04-28",
        "popularity": 1262.933,
        "vote_count": 320,
        "vote_average": 7.056,
        "overview": "A steely special ops agent finds his morality put to the test when he infiltrates a crime syndicate and unexpectedly bonds with the boss' young son.",
        "backdrop_path_original": "https://image.tmdb.org/t/p/original//zh614Bixv2ePaHK8gzcUpUmcvYv.jpg",
        "poster_path_original": "https://image.tmdb.org/t/p/original//3BSxAjiporlwQTWzaHZ9Yrl5C9D.jpg",
        "trailerUrl": "https://www.youtube.com/embed/044PUmZQd1g?autoplay=1&mute=1&loop=1&playlist=044PUmZQd1g",
        "budget": 0,
        "revenue": 0,
        "runtime": 122,
        "homepage": "https://www.netflix.com/title/81576597",
        "genres": [
            28,
            53,
            80
        ],
        "production_companies": [
            67043,
            134188
        ],
        "movie_like_users": [],
        "movie_dislike_users": [],
        "actor": [
            19361,
            37758,
            220692,
            1383737
        ]
    }
},
{
    "model": "movies.movie",
    "pk": 18,
    "fields": {
        "movie_id": 507250,
        "title": "Dead Shot",
        "release_date": "2023-05-12",
        "popularity": 898.685,
        "vote_count": 14,
        "vote_average": 7.0,
        "overview": "In the 1970s, a member of the IRA takes over an Active Service Unit in London after his wife is accidentally shot dead in Ireland. The unit's mission is to cause chaos and destruction, while his personal aim is to hunt down his wife’s killer — an SAS captain, who is also hunting him.",
        "backdrop_path_original": "https://image.tmdb.org/t/p/original//oGY415S8J0NxVbXKHaEOwns1ZWf.jpg",
        "poster_path_original": "https://image.tmdb.org/t/p/original//s0Qx9YL1JSpYKm1hu0Ovj0IJ1SN.jpg",
        "trailerUrl": "https://www.youtube.com/embed/za6TquklcQA?autoplay=1&mute=1&loop=1&playlist=za6TquklcQA",
        "budget": 0,
        "revenue": 0,
        "runtime": 87,
        "homepage": "",
        "genres": [
            28,
            53
        ],
        "production_companies": [
            9987,
            21649,
            52059,
            123703,
            144762,
            173324,
            173325
        ],
        "movie_like_users": [],
        "movie_dislike_users": [],
        "actor": [
            2983,
            72855,
            78062,
            228866
        ]
    }
},
{
    "model": "movies.movie",
    "pk": 19,
    "fields": {
        "movie_id": 649609,
        "title": "Renfield",
        "release_date": "2023-04-07",
        "popularity": 806.958,
        "vote_count": 466,
        "vote_average": 6.982,
        "overview": "Having grown sick and tired of his centuries as Dracula's lackey, Renfield finds a new lease on life — and maybe even redemption — when he falls for feisty, perennially angry traffic cop Rebecca Quincy.",
        "backdrop_path_original": "https://image.tmdb.org/t/p/original//e7FzphKs5gzoghDotAEp2FeP46u.jpg",
        "poster_path_original": "https://image.tmdb.org/t/p/original//p6yUjhvNGQpFZilKwOKbxQ1eHlo.jpg",
        "trailerUrl": "https://www.youtube.com/embed/CRudtvaPvkM?autoplay=1&mute=1&loop=1&playlist=CRudtvaPvkM",
        "budget": 65000000,
        "revenue": 24187819,
        "runtime": 93,
        "homepage": "https://www.renfieldmovie.com",
        "genres": [
            14,
            27,
            35
        ],
        "production_companies": [
            33,
            50032,
            197279
        ],
        "movie_like_users": [],
        "movie_dislike_users": [],
        "actor": [
            2963,
            3292,
            21041,
            94432,
            222121,
            1218266,
            1561268,
            1625558
        ]
    }
},
{
    "model": "movies.movie",
    "pk": 20,
    "fields": {
        "movie_id": 934433,
        "title": "Scream VI",
        "release_date": "2023-03-08",
        "popularity": 805.314,
        "vote_count": 1241,
        "vote_average": 7.32,
        "overview": "Following the latest Ghostface killings, the four survivors leave Woodsboro behind and start a fresh chapter.",
        "backdrop_path_original": "https://image.tmdb.org/t/p/original//44immBwzhDVyjn87b3x3l9mlhAD.jpg",
        "poster_path_original": "https://image.tmdb.org/t/p/original//wDWwtvkRRlgTiUr6TyLSMX8FCuZ.jpg",
        "trailerUrl": "https://www.youtube.com/embed/wQGXsTnmiyQ?autoplay=1&mute=1&loop=1&playlist=wQGXsTnmiyQ",
        "budget": 35000000,
        "revenue": 168541093,
        "runtime": 123,
        "homepage": "https://www.screammovie.com",
        "genres": [
            27,
            53,
            9648
        ],
        "production_companies": [
            4,
            126588,
            130448,
            143790
        ],
        "movie_like_users": [],
        "movie_dislike_users": [],
        "actor": [
            14405,
            17265,
            20212,
            22108,
            51957,
            60458,
            426216,
            974169,
            1291350,
            1352921,
            1372369,
            1373659,
            1508653,
            1895760,
            2174509
        ]
    }
},
{
    "model": "movies.movie",
    "pk": 21,
    "fields": {
        "movie_id": 325358,
        "title": "Superfast!",
        "release_date": "2015-03-05",
        "popularity": 791.155,
        "vote_count": 348,
        "vote_average": 5.016,
        "overview": "Undercover cop Lucas White joins Vin Serento's LA gang of illegal street racers. They are fast and they are furious and they plan to double cross LA crime kingpin Juan Carlos de la Sol who hides his cash in a downtown Taco Bell. The gang's outrageous plan is as daring as it is ridiculous and will see them towing the whole restaurant, at crazy speeds.",
        "backdrop_path_original": "https://image.tmdb.org/t/p/original//bWZ4ge00FlDyHcOQZl7AzbZcrxT.jpg",
        "poster_path_original": "https://image.tmdb.org/t/p/original//iuIWl90qCpoxv6g775JB6Kg0m86.jpg",
        "trailerUrl": "https://www.youtube.com/embed/PqwDB7N6ujA?autoplay=1&mute=1&loop=1&playlist=PqwDB7N6ujA",
        "budget": 20000000,
        "revenue": 0,
        "runtime": 99,
        "homepage": "",
        "genres": [
            28,
            35
        ],
        "production_companies": [
            11565,
            19248,
            39734
        ],
        "movie_like_users": [],
        "movie_dislike_users": [],
        "actor": []
    }
},
{
    "model": "movies.movie",
    "pk": 22,
    "fields": {
        "movie_id": 1037644,
        "title": "Battle for Saipan",
        "release_date": "2022-11-25",
        "popularity": 735.49,
        "vote_count": 40,
        "vote_average": 5.788,
        "overview": "On July 7, 1944, a U.S. Army hospital on the remote island of Saipan is overrun by Japanese forces during a relentless attack. Outgunned and surrounded by the enemy, a lone medic puts it all on the line to lead a band of wounded soldiers to safety.",
        "backdrop_path_original": "https://image.tmdb.org/t/p/original//w26FmegnHL8BykasYNHADIEURBW.jpg",
        "poster_path_original": "https://image.tmdb.org/t/p/original//9N3KwhzBCcqmFcqHpPCsjqfym9M.jpg",
        "trailerUrl": "https://www.youtube.com/embed/aWfef_JqxLU?autoplay=1&mute=1&loop=1&playlist=aWfef_JqxLU",
        "budget": 0,
        "revenue": 0,
        "runtime": 94,
        "homepage": "",
        "genres": [
            28,
            36,
            10752
        ],
        "production_companies": [],
        "movie_like_users": [],
        "movie_dislike_users": [],
        "actor": [
            20495,
            27763,
            54649
        ]
    }
},
{
    "model": "movies.movie",
    "pk": 23,
    "fields": {
        "movie_id": 948713,
        "title": "The Last Kingdom: Seven Kings Must Die",
        "release_date": "2023-04-14",
        "popularity": 622.693,
        "vote_count": 384,
        "vote_average": 7.3,
        "overview": "In the wake of King Edward's death, Uhtred of Bebbanburg and his comrades adventure across a fractured kingdom in the hopes of uniting England at last.",
        "backdrop_path_original": "https://image.tmdb.org/t/p/original//aonRCFac0K1HukgnzWE5N7DzpgR.jpg",
        "poster_path_original": "https://image.tmdb.org/t/p/original//qcNDxDzd5OW9wE3c8nWxCBQoBrM.jpg",
        "trailerUrl": "https://www.youtube.com/embed/eqCYw_o5lng?autoplay=1&mute=1&loop=1&playlist=eqCYw_o5lng",
        "budget": 0,
        "revenue": 0,
        "runtime": 111,
        "homepage": "https://www.netflix.com/title/81460361",
        "genres": [
            12,
            18,
            28,
            36,
            10752
        ],
        "production_companies": [
            6196
        ],
        "movie_like_users": [],
        "movie_dislike_users": [],
        "actor": [
            20054,
            190699,
            1156305,
            1273309,
            1362119,
            1646726,
            1756015,
            1799858,
            1800302
        ]
    }
},
{
    "model": "movies.movie",
    "pk": 24,
    "fields": {
        "movie_id": 727340,
        "title": "Hunt",
        "release_date": "2022-08-10",
        "popularity": 611.421,
        "vote_count": 79,
        "vote_average": 6.806,
        "overview": "After a high-ranking North Korean official requests asylum, KCIA Foreign Unit chief Park Pyong-ho and Domestic Unit chief Kim Jung-do are tasked with uncovering a North Korean spy, known as Donglim, who is deeply embedded within their agency. When the spy begins leaking top secret intel that could jeopardize national security, the two units are each assigned to investigate each other.",
        "backdrop_path_original": "https://image.tmdb.org/t/p/original//aRJjCgp4uVUkXhDw8NClesQXbt3.jpg",
        "poster_path_original": "https://image.tmdb.org/t/p/original//tDe5eLxAbeK7sYckUn5aH3ngWnn.jpg",
        "trailerUrl": "https://www.youtube.com/embed/tIjDWjI746U?autoplay=1&mute=1&loop=1&playlist=tIjDWjI746U",
        "budget": 17000000,
        "revenue": 0,
        "runtime": 131,
        "homepage": "http://www.huntthemovie.com/",
        "genres": [
            28,
            53
        ],
        "production_companies": [
            27133,
            114517
        ],
        "movie_like_users": [],
        "movie_dislike_users": [],
        "actor": [
            17120,
            68903,
            73249,
            87871,
            88298,
            125732,
            141548,
            150126,
            1044800,
            1222433,
            1295417,
            1336804,
            1682171,
            1918350,
            2240033,
            2791233,
            3005649
        ]
    }
},
{
    "model": "movies.movie",
    "pk": 25,
    "fields": {
        "movie_id": 493529,
        "title": "Dungeons & Dragons: Honor Among Thieves",
        "release_date": "2023-03-23",
        "popularity": 578.129,
        "vote_count": 1373,
        "vote_average": 7.458,
        "overview": "A charming thief and a band of unlikely adventurers undertake an epic heist to retrieve a lost relic, but things go dangerously awry when they run afoul of the wrong people.",
        "backdrop_path_original": "https://image.tmdb.org/t/p/original//oblUNeHlwV3VsjB5ITMlco5ZSOF.jpg",
        "poster_path_original": "https://image.tmdb.org/t/p/original//v7UF7ypAqjsFZFdjksjQ7IUpXdn.jpg",
        "trailerUrl": "https://www.youtube.com/embed/zEcieXSHV34?autoplay=1&mute=1&loop=1&playlist=zEcieXSHV34",
        "budget": 151000000,
        "revenue": 205670000,
        "runtime": 134,
        "homepage": "https://www.dungeonsanddragons.movie",
        "genres": [
            12,
            14,
            35
        ],
        "production_companies": [
            4,
            8147,
            24049,
            57031
        ],
        "movie_like_users": [],
        "movie_dislike_users": [],
        "actor": [
            3291,
            17647,
            62064,
            1029934,
            1070886,
            1481238,
            1628687,
            1696016
        ]
    }
},
{
    "model": "movies.movie",
    "pk": 26,
    "fields": {
        "movie_id": 315162,
        "title": "Puss in Boots: The Last Wish",
        "release_date": "2022-12-07",
        "popularity": 668.879,
        "vote_count": 5576,
        "vote_average": 8.295,
        "overview": "Puss in Boots discovers that his passion for adventure has taken its toll: He has burned through eight of his nine lives, leaving him with only one life left. Puss sets out on an epic journey to find the mythical Last Wish and restore his nine lives.",
        "backdrop_path_original": "https://image.tmdb.org/t/p/original//jr8tSoJGj33XLgFBy6lmZhpGQNu.jpg",
        "poster_path_original": "https://image.tmdb.org/t/p/original//kuf6dutpsT0vSVehic3EZIqkOBt.jpg",
        "trailerUrl": "https://www.youtube.com/embed/z-E5pTQVW8w?autoplay=1&mute=1&loop=1&playlist=z-E5pTQVW8w",
        "budget": 90000000,
        "revenue": 480000000,
        "runtime": 103,
        "homepage": "https://www.dreamworks.com/movies/puss-in-boots-the-last-wish",
        "genres": [
            12,
            14,
            16,
            35,
            10751
        ],
        "production_companies": [
            33,
            521
        ],
        "movie_like_users": [],
        "movie_dislike_users": [],
        "actor": [
            3131,
            3136,
            5538,
            39187,
            52583,
            210172,
            933558,
            1180099,
            1346535,
            1373737
        ]
    }
},
{
    "model": "movies.movie",
    "pk": 27,
    "fields": {
        "movie_id": 868985,
        "title": "¡Que Viva México!",
        "release_date": "2023-03-23",
        "popularity": 465.718,
        "vote_count": 83,
        "vote_average": 7.373,
        "overview": "After his grandfather's death, a man travels with his wife and kids to his hometown, where chaos ensues with his relatives over the inheritance.",
        "backdrop_path_original": "https://image.tmdb.org/t/p/original//3uHDuQCoJQ6DhRlI3frd7p9WSE2.jpg",
        "poster_path_original": "https://image.tmdb.org/t/p/original//ieyUpr5ES9QEz1cn4clCnBf9XJl.jpg",
        "trailerUrl": "https://www.youtube.com/embed/ftW5UwI5kG0?autoplay=1&mute=1&loop=1&playlist=ftW5UwI5kG0",
        "budget": 0,
        "revenue": 0,
        "runtime": 191,
        "homepage": "https://quevivamexico.com.mx/index_eng.html",
        "genres": [
            18,
            35
        ],
        "production_companies": [
            21805
        ],
        "movie_like_users": [],
        "movie_dislike_users": [],
        "actor": [
            7370,
            13209,
            23877,
            57409,
            76857,
            220496
        ]
    }
},
{
    "model": "movies.movie",
    "pk": 28,
    "fields": {
        "movie_id": 785759,
        "title": "Two Witches",
        "release_date": "2023-03-02",
        "popularity": 453.538,
        "vote_count": 55,
        "vote_average": 6.409,
        "overview": "A matriarchal witch passes on her sinister inheritance to her grand-daughter, triggering the most horrific curses.",
        "backdrop_path_original": "https://image.tmdb.org/t/p/original//wUwFMnbFxuDfcRSGGT7QQIGDRrH.jpg",
        "poster_path_original": "https://image.tmdb.org/t/p/original//uL9fFTdNmUUlKIJfHJclN5X3bxH.jpg",
        "trailerUrl": "https://www.youtube.com/embed/lMySh3iIBuU?autoplay=1&mute=1&loop=1&playlist=lMySh3iIBuU",
        "budget": 0,
        "revenue": 0,
        "runtime": 95,
        "homepage": "https://twowitchesmovie.com/",
        "genres": [
            27
        ],
        "production_companies": [
            96621,
            174133
        ],
        "movie_like_users": [],
        "movie_dislike_users": [],
        "actor": [
            2283865
        ]
    }
},
{
    "model": "movies.movie",
    "pk": 29,
    "fields": {
        "movie_id": 458220,
        "title": "Palmer",
        "release_date": "2021-01-29",
        "popularity": 538.008,
        "vote_count": 988,
        "vote_average": 8.011,
        "overview": "After 12 years in prison, former high school football star Eddie Palmer returns home to put his life back together—and forms an unlikely bond with Sam, an outcast boy from a troubled home. But Eddie's past threatens to ruin his new life and family.",
        "backdrop_path_original": "https://image.tmdb.org/t/p/original//bblKpucB0XbyQBmfXsaRN985Rgh.jpg",
        "poster_path_original": "https://image.tmdb.org/t/p/original//xSDdRAjxKAGi8fUBLOqSrBhJmF0.jpg",
        "trailerUrl": "https://www.youtube.com/embed/Fuaq7l7DAeI?autoplay=1&mute=1&loop=1&playlist=Fuaq7l7DAeI",
        "budget": 0,
        "revenue": 0,
        "runtime": 110,
        "homepage": "https://tv.apple.com/movie/palmer/umc.cmc.40qrv09i2yfh8iilyi4s8vfi",
        "genres": [
            18
        ],
        "production_companies": [
            737,
            124283
        ],
        "movie_like_users": [],
        "movie_dislike_users": [],
        "actor": [
            12111
        ]
    }
},
{
    "model": "movies.movie",
    "pk": 30,
    "fields": {
        "movie_id": 638974,
        "title": "Murder Mystery 2",
        "release_date": "2023-03-28",
        "popularity": 492.763,
        "vote_count": 1070,
        "vote_average": 6.584,
        "overview": "After starting their own detective agency, Nick and Audrey Spitz land a career-making case when their billionaire pal is kidnapped from his wedding.",
        "backdrop_path_original": "https://image.tmdb.org/t/p/original//bT3IpP7OopgiVuy6HCPOWLuaFAd.jpg",
        "poster_path_original": "https://image.tmdb.org/t/p/original//s1VzVhXlqsevi8zeCMG9A16nEUf.jpg",
        "trailerUrl": "https://www.youtube.com/embed/jeVNn7-FQ64?autoplay=1&mute=1&loop=1&playlist=jeVNn7-FQ64",
        "budget": 0,
        "revenue": 0,
        "runtime": 91,
        "homepage": "https://www.netflix.com/title/81212842",
        "genres": [
            35,
            80
        ],
        "production_companies": [
            878,
            1205,
            7382,
            19367
        ],
        "movie_like_users": [],
        "movie_dislike_users": [],
        "actor": [
            2983,
            4491,
            19119,
            19292,
            37627,
            51878,
            81840,
            944099,
            1695989,
            1848809
        ]
    }
},
{
    "model": "movies.movie",
    "pk": 31,
    "fields": {
        "movie_id": 1111140,
        "title": "Two Sinners and a Mule",
        "release_date": "2023-04-21",
        "popularity": 466.611,
        "vote_count": 19,
        "vote_average": 6.158,
        "overview": "Kicked out of a small Western town for sinful behavior, free-spirited Alice and Nora set out for Virginia City to pursue their dream of opening a restaurant. Out on the prairie, they come across an injured bounty hunter named Elden. Hoping to share in the reward, they nurse Elden back to health and help him stalk his prey, Grimes. But as Nora and Alice both develop feelings for Elden, no one notices that Grimes is now on their tail, and the hunters become the hunted…",
        "backdrop_path_original": "https://image.tmdb.org/t/p/original//yx96Xz7ggs7TMmDqAa8G5oJ5ami.jpg",
        "poster_path_original": "https://image.tmdb.org/t/p/original//icL1zn5z1L5ULIpxkuOLjeUgURY.jpg",
        "trailerUrl": "https://www.youtube.com/embed/t0dELzneNIk?autoplay=1&mute=1&loop=1&playlist=t0dELzneNIk",
        "budget": 0,
        "revenue": 0,
        "runtime": 97,
        "homepage": "",
        "genres": [
            28,
            37
        ],
        "production_companies": [],
        "movie_like_users": [],
        "movie_dislike_users": [],
        "actor": [
            55086
        ]
    }
},
{
    "model": "movies.movie",
    "pk": 32,
    "fields": {
        "movie_id": 447277,
        "title": "The Little Mermaid",
        "release_date": "2023-05-18",
        "popularity": 684.632,
        "vote_count": 57,
        "vote_average": 5.6,
        "overview": "The youngest of King Triton’s daughters, and the most defiant, Ariel longs to find out more about the world beyond the sea, and while visiting the surface, falls for the dashing Prince Eric. With mermaids forbidden to interact with humans, Ariel makes a deal with the evil sea witch, Ursula, which gives her a chance to experience life on land, but ultimately places her life – and her father’s crown – in jeopardy.",
        "backdrop_path_original": "https://image.tmdb.org/t/p/original//pbMbDlOAkVuvnxovBA2ENin59xH.jpg",
        "poster_path_original": "https://image.tmdb.org/t/p/original//ym1dxyOk4jFcSl4Q2zmRrA5BEEN.jpg",
        "trailerUrl": "https://www.youtube.com/embed/CEiH3T8sP6k?autoplay=1&mute=1&loop=1&playlist=CEiH3T8sP6k",
        "budget": 200000000,
        "revenue": 0,
        "runtime": 135,
        "homepage": "https://movies.disney.com/the-little-mermaid-2023",
        "genres": [
            12,
            14,
            10749,
            10751
        ],
        "production_companies": [
            2,
            2527,
            17021
        ],
        "movie_like_users": [],
        "movie_dislike_users": [],
        "actor": [
            3810,
            10672,
            55536,
            517103,
            1277188,
            1599391,
            1625558,
            1652371,
            1735828,
            2600509
        ]
    }
},
{
    "model": "movies.movie",
    "pk": 33,
    "fields": {
        "movie_id": 420808,
        "title": "Peter Pan & Wendy",
        "release_date": "2023-04-20",
        "popularity": 594.242,
        "vote_count": 377,
        "vote_average": 5.802,
        "overview": "Wendy Darling, a young girl afraid to leave her childhood home behind, meets Peter Pan, a boy who refuses to grow up. Alongside her brothers and a tiny fairy, Tinker Bell, she travels with Peter to the magical world of Neverland. There, she encounters an evil pirate captain, Captain Hook, and embarks on a thrilling adventure that will change her life forever.",
        "backdrop_path_original": "https://image.tmdb.org/t/p/original//8HfjrSxfTVKmjNh8cJjbu5eXzcX.jpg",
        "poster_path_original": "https://image.tmdb.org/t/p/original//8naZFKLQxhsYfvgveSP9Xw7Jv1B.jpg",
        "trailerUrl": "https://www.youtube.com/embed/vxw9kva4-5M?autoplay=1&mute=1&loop=1&playlist=vxw9kva4-5M",
        "budget": 0,
        "revenue": 0,
        "runtime": 106,
        "homepage": "https://www.disneyplus.com/movies/peter-pan-wendy/147B2rQASB09",
        "genres": [
            12,
            14,
            28,
            10751
        ],
        "production_companies": [
            2,
            51164
        ],
        "movie_like_users": [],
        "movie_dislike_users": [],
        "actor": [
            9642,
            21088,
            27125,
            84407,
            118372,
            1743933,
            2562617,
            2818304,
            3115247,
            3115248
        ]
    }
},
{
    "model": "movies.movie",
    "pk": 34,
    "fields": {
        "movie_id": 1121116,
        "title": "Maggie Simpson in \"Rogue Not Quite One\"",
        "release_date": "2023-05-04",
        "popularity": 421.199,
        "vote_count": 17,
        "vote_average": 5.382,
        "overview": "On their way to daycare, Homer loses track of Maggie who hops in Grogu’s hovering pram for a hyperspace-hopping adventure across the galaxy. Facing a squadron of Imperial TIE fighters, Maggie brings the battle to Springfield in this epic short celebrating all things Star Wars.",
        "backdrop_path_original": "https://image.tmdb.org/t/p/original//vL5zdAKAnbcHjoewXoP4xy6ihf7.jpg",
        "poster_path_original": "https://image.tmdb.org/t/p/original//gmTOhwzcSbEGG3xKRfQwwS2BTXD.jpg",
        "trailerUrl": "https://www.youtube.com/embed/nX3WGutkVTw?autoplay=1&mute=1&loop=1&playlist=nX3WGutkVTw",
        "budget": 0,
        "revenue": 0,
        "runtime": 5,
        "homepage": "https://www.disneyplus.com/movies/maggie-simpson-in-rogue-not-quite-one/2zm2a2lPGiYX",
        "genres": [
            16,
            35,
            878,
            10751
        ],
        "production_companies": [
            18,
            154887
        ],
        "movie_like_users": [],
        "movie_dislike_users": [],
        "actor": [
            5587,
            87819,
            1216346
        ]
    }
},
{
    "model": "movies.movie",
    "pk": 35,
    "fields": {
        "movie_id": 876969,
        "title": "Assassin Club",
        "release_date": "2023-02-24",
        "popularity": 421.937,
        "vote_count": 60,
        "vote_average": 6.667,
        "overview": "In this world of contract killers, Morgan Gaines is the best of the best. When Morgan is hired to kill six people around the world, he soon discovers all the targets are also assassins unknowingly hired to kill each other.",
        "backdrop_path_original": "https://image.tmdb.org/t/p/original//cYyUinLXRbQwE4PAt2mQLTGBqti.jpg",
        "poster_path_original": "https://image.tmdb.org/t/p/original//y2d2SBqK33mGOG2CqAYMo3YbWE4.jpg",
        "trailerUrl": "https://www.youtube.com/embed/AZR89kGCe2c?autoplay=1&mute=1&loop=1&playlist=AZR89kGCe2c",
        "budget": 0,
        "revenue": 0,
        "runtime": 113,
        "homepage": "",
        "genres": [
            28,
            53,
            9648
        ],
        "production_companies": [
            100121,
            161215
        ],
        "movie_like_users": [],
        "movie_dislike_users": [],
        "actor": [
            4783,
            87722,
            105762,
            1784612,
            1807132
        ]
    }
},
{
    "model": "movies.movie",
    "pk": 36,
    "fields": {
        "movie_id": 505642,
        "title": "Black Panther: Wakanda Forever",
        "release_date": "2022-11-09",
        "popularity": 478.273,
        "vote_count": 4852,
        "vote_average": 7.3,
        "overview": "Queen Ramonda, Shuri, M’Baku, Okoye and the Dora Milaje fight to protect their nation from intervening world powers in the wake of King T’Challa’s death.  As the Wakandans strive to embrace their next chapter, the heroes must band together with the help of War Dog Nakia and Everett Ross and forge a new path for the kingdom of Wakanda.",
        "backdrop_path_original": "https://image.tmdb.org/t/p/original//xDMIl84Qo5Tsu62c9DGWhmPI67A.jpg",
        "poster_path_original": "https://image.tmdb.org/t/p/original//sv1xJUazXeYqALzczSZ3O6nkH75.jpg",
        "trailerUrl": "https://www.youtube.com/embed/Wk-MeF0ngVI?autoplay=1&mute=1&loop=1&playlist=Wk-MeF0ngVI",
        "budget": 250000000,
        "revenue": 859102154,
        "runtime": 162,
        "homepage": "https://wakandaforevertickets.com",
        "genres": [
            12,
            28,
            878
        ],
        "production_companies": [
            420
        ],
        "movie_like_users": [],
        "movie_dislike_users": [],
        "actor": [
            9780,
            25703,
            82104,
            87265,
            139900,
            1083010,
            1267329,
            1368012,
            1447932,
            2133996,
            2213811
        ]
    }
},
{
    "model": "movies.movie",
    "pk": 37,
    "fields": {
        "movie_id": 385128,
        "title": "F9",
        "release_date": "2021-05-19",
        "popularity": 434.695,
        "vote_count": 6310,
        "vote_average": 7.179,
        "overview": "Dominic Toretto and his crew battle the most skilled assassin and high-performance driver they've ever encountered: his forsaken brother.",
        "backdrop_path_original": "https://image.tmdb.org/t/p/original//xXHZeb1yhJvnSHPzZDqee0zfMb6.jpg",
        "poster_path_original": "https://image.tmdb.org/t/p/original//bOFaAXmWWXC3Rbv4u4uM9ZSzRXP.jpg",
        "trailerUrl": "https://www.youtube.com/embed/KjUs3cHdUsw?autoplay=1&mute=1&loop=1&playlist=KjUs3cHdUsw",
        "budget": 200000000,
        "revenue": 726229501,
        "runtime": 143,
        "homepage": "https://www.thefastsaga.com",
        "genres": [
            12,
            28,
            53,
            80
        ],
        "production_companies": [
            33,
            333,
            1225,
            34530,
            105052
        ],
        "movie_like_users": [],
        "movie_dislike_users": [],
        "actor": [
            6856,
            6885,
            8169,
            8171,
            12132,
            12835,
            15735,
            17647,
            22123,
            56446,
            61697,
            1251069,
            1508313
        ]
    }
},
{
    "model": "movies.movie",
    "pk": 38,
    "fields": {
        "movie_id": 384018,
        "title": "Fast & Furious Presents: Hobbs & Shaw",
        "release_date": "2019-08-01",
        "popularity": 498.892,
        "vote_count": 6369,
        "vote_average": 6.866,
        "overview": "Ever since US Diplomatic Security Service Agent Hobbs and lawless outcast Shaw first faced off, they just have traded smack talk and body blows. But when cyber-genetically enhanced anarchist Brixton's ruthless actions threaten the future of humanity, they join forces to defeat him.",
        "backdrop_path_original": "https://image.tmdb.org/t/p/original//hpgda6P9GutvdkDX5MUJ92QG9aj.jpg",
        "poster_path_original": "https://image.tmdb.org/t/p/original//qRyy2UmjC5ur9bDi3kpNNRCc5nc.jpg",
        "trailerUrl": "https://www.youtube.com/embed/XbqAHN23PaQ?autoplay=1&mute=1&loop=1&playlist=XbqAHN23PaQ",
        "budget": 200000000,
        "revenue": 760098996,
        "runtime": 137,
        "homepage": "https://www.uphe.com/movies/fast-furious-presents-hobbs-shaw",
        "genres": [
            12,
            28,
            35
        ],
        "production_companies": [
            33,
            25998,
            73669
        ],
        "movie_like_users": [],
        "movie_dislike_users": [],
        "actor": [
            976,
            1665,
            15735,
            17605,
            18918,
            556356,
            1222992
        ]
    }
},
{
    "model": "movies.movie",
    "pk": 39,
    "fields": {
        "movie_id": 916224,
        "title": "Suzume",
        "release_date": "2022-11-11",
        "popularity": 548.853,
        "vote_count": 384,
        "vote_average": 7.948,
        "overview": "Suzume, 17, lost her mother as a little girl. On her way to school, she meets a mysterious young man. But her curiosity unleashes a calamity that endangers the entire population of Japan, and so Suzume embarks on a journey to set things right.",
        "backdrop_path_original": "https://image.tmdb.org/t/p/original//ceYZCBfwbBwSpGJ6PapNVw5jqLG.jpg",
        "poster_path_original": "https://image.tmdb.org/t/p/original//vIeu8WysZrTSFb2uhPViKjX9EcC.jpg",
        "trailerUrl": "https://www.youtube.com/embed/RdYs29wQZq4?autoplay=1&mute=1&loop=1&playlist=RdYs29wQZq4",
        "budget": 0,
        "revenue": 319581709,
        "runtime": 123,
        "homepage": "https://www.suzume-movie.com",
        "genres": [
            12,
            14,
            16,
            18
        ],
        "production_companies": [
            882,
            2073,
            2883,
            3756,
            8157,
            104184,
            128616,
            128617
        ],
        "movie_like_users": [],
        "movie_dislike_users": [],
        "actor": [
            110058,
            119143,
            225730,
            228527,
            1018944,
            1256882,
            1564419,
            1732483,
            3661042
        ]
    }
},
{
    "model": "movies.movie",
    "pk": 40,
    "fields": {
        "movie_id": 804150,
        "title": "Cocaine Bear",
        "release_date": "2023-02-22",
        "popularity": 448.137,
        "vote_count": 1072,
        "vote_average": 6.333,
        "overview": "Inspired by a true story, an oddball group of cops, criminals, tourists and teens converge in a Georgia forest where a 500-pound black bear goes on a murderous rampage after unintentionally ingesting cocaine.",
        "backdrop_path_original": "https://image.tmdb.org/t/p/original//qUOJGvH8L31HL2b9Q6DGNPGCCI0.jpg",
        "poster_path_original": "https://image.tmdb.org/t/p/original//gOnmaxHo0412UVr1QM5Nekv1xPi.jpg",
        "trailerUrl": "https://www.youtube.com/embed/Hr39beLiyCw?autoplay=1&mute=1&loop=1&playlist=Hr39beLiyCw",
        "budget": 32500000,
        "revenue": 89020092,
        "runtime": 96,
        "homepage": "https://www.cocainebear.movie/",
        "genres": [
            35,
            53,
            80
        ],
        "production_companies": [
            33,
            12365,
            77973
        ],
        "movie_like_users": [],
        "movie_dislike_users": [],
        "actor": [
            452,
            11477,
            17490,
            41292,
            71375,
            204815,
            571418,
            1371398,
            1704640,
            1721268,
            1896591
        ]
    }
},
{
    "model": "movies.movie",
    "pk": 41,
    "fields": {
        "movie_id": 436270,
        "title": "Black Adam",
        "release_date": "2022-10-19",
        "popularity": 459.223,
        "vote_count": 4929,
        "vote_average": 7.099,
        "overview": "Nearly 5,000 years after he was bestowed with the almighty powers of the Egyptian gods—and imprisoned just as quickly—Black Adam is freed from his earthly tomb, ready to unleash his unique form of justice on the modern world.",
        "backdrop_path_original": "https://image.tmdb.org/t/p/original//bQXAqRx2Fgc46uCVWgoPz5L5Dtr.jpg",
        "poster_path_original": "https://image.tmdb.org/t/p/original//pFlaoHTZeyNkG83vxsAJiGzfSsa.jpg",
        "trailerUrl": "https://www.youtube.com/embed/rCOkYwLKPv8?autoplay=1&mute=1&loop=1&playlist=rCOkYwLKPv8",
        "budget": 200000000,
        "revenue": 393252111,
        "runtime": 124,
        "homepage": "https://www.dc.com/BlackAdam",
        "genres": [
            12,
            14,
            28,
            878
        ],
        "production_companies": [
            12,
            34081,
            73669,
            128064
        ],
        "movie_like_users": [],
        "movie_dislike_users": [],
        "actor": [
            517,
            18918,
            83860,
            164945,
            935235,
            1253353,
            1293978,
            2042690,
            2426321,
            2430192
        ]
    }
},
{
    "model": "movies.movie",
    "pk": 42,
    "fields": {
        "movie_id": 700391,
        "title": "65",
        "release_date": "2023-03-02",
        "popularity": 486.792,
        "vote_count": 1087,
        "vote_average": 6.261,
        "overview": "65 million years ago, the only 2 survivors of a spaceship from Somaris that crash-landed on Earth must fend off dinosaurs and reach the escape vessel in time before an imminent asteroid strike threatens to destroy the planet.",
        "backdrop_path_original": "https://image.tmdb.org/t/p/original//eEF40Xk2twM3WjRNZftfo771gjv.jpg",
        "poster_path_original": "https://image.tmdb.org/t/p/original//rzRb63TldOKdKydCvWJM8B6EkPM.jpg",
        "trailerUrl": "https://www.youtube.com/embed/xYl2diyeN88?autoplay=1&mute=1&loop=1&playlist=xYl2diyeN88",
        "budget": 45000000,
        "revenue": 55000000,
        "runtime": 93,
        "homepage": "https://www.65.movie",
        "genres": [
            12,
            53,
            878
        ],
        "production_companies": [
            5,
            13240,
            122323,
            133303
        ],
        "movie_like_users": [],
        "movie_dislike_users": [],
        "actor": [
            1023139,
            1696016,
            1767250
        ]
    }
},
{
    "model": "movies.movie",
    "pk": 43,
    "fields": {
        "movie_id": 964980,
        "title": "Air",
        "release_date": "2023-04-05",
        "popularity": 358.471,
        "vote_count": 731,
        "vote_average": 7.47,
        "overview": "Discover the game-changing partnership between a then undiscovered Michael Jordan and Nike's fledgling basketball division which revolutionized the world of sports and culture with the Air Jordan brand.",
        "backdrop_path_original": "https://image.tmdb.org/t/p/original//aT3sRVqgpkyCo23fp9myVfKPWbA.jpg",
        "poster_path_original": "https://image.tmdb.org/t/p/original//76AKQPdH3M8cvsFR9K8JsOzVlY5.jpg",
        "trailerUrl": "https://www.youtube.com/embed/4JBMkxos8Kw?autoplay=1&mute=1&loop=1&playlist=4JBMkxos8Kw",
        "budget": 90000000,
        "revenue": 87078875,
        "runtime": 112,
        "homepage": "https://www.mgmstudios.com/air",
        "genres": [
            18,
            36
        ],
        "production_companies": [
            551,
            20580,
            173807,
            187968
        ],
        "movie_like_users": [],
        "movie_dislike_users": [],
        "actor": [
            66,
            880,
            1892,
            9562,
            19492,
            23532,
            61659,
            156405,
            1232599
        ]
    }
},
{
    "model": "movies.movie",
    "pk": 44,
    "fields": {
        "movie_id": 816904,
        "title": "Mummies",
        "release_date": "2023-01-05",
        "popularity": 354.192,
        "vote_count": 295,
        "vote_average": 7.151,
        "overview": "Through a series of unfortunate events, three mummies end up in present-day London and embark on a wacky and hilarious journey in search of an old ring belonging to the Royal Family, stolen by ambitious archaeologist Lord Carnaby.",
        "backdrop_path_original": "https://image.tmdb.org/t/p/original//xVFpOIVdVn5ZUq1QIf0UJcZWjO2.jpg",
        "poster_path_original": "https://image.tmdb.org/t/p/original//qVdrYN8qu7xUtsdEFeGiIVIaYd.jpg",
        "trailerUrl": "https://www.youtube.com/embed/60SweMbP5I0?autoplay=1&mute=1&loop=1&playlist=60SweMbP5I0",
        "budget": 12300000,
        "revenue": 34200000,
        "runtime": 88,
        "homepage": "",
        "genres": [
            12,
            14,
            16,
            35,
            10751
        ],
        "production_companies": [
            11652,
            29566,
            37209,
            58323,
            152416,
            152417
        ],
        "movie_like_users": [],
        "movie_dislike_users": [],
        "actor": [
            1164823,
            3220932
        ]
    }
},
{
    "model": "movies.movie",
    "pk": 45,
    "fields": {
        "movie_id": 829503,
        "title": "Gigi & Nate",
        "release_date": "2022-09-02",
        "popularity": 325.311,
        "vote_count": 58,
        "vote_average": 8.06,
        "overview": "A young man with a bright future suffers a near-fatal accident and recreates his new life with the help of an unlikely animal friend.",
        "backdrop_path_original": "https://image.tmdb.org/t/p/original//odbZxn4qPWqCdTU5EZw4324k8Rq.jpg",
        "poster_path_original": "https://image.tmdb.org/t/p/original//xP1GXV1gms9b5BpHZP7S8qs8FO.jpg",
        "trailerUrl": "https://www.youtube.com/embed/n_tgQ105coQ?autoplay=1&mute=1&loop=1&playlist=n_tgQ105coQ",
        "budget": 0,
        "revenue": 0,
        "runtime": 114,
        "homepage": "https://www.gigiandnate.com/",
        "genres": [
            18
        ],
        "production_companies": [
            132904
        ],
        "movie_like_users": [],
        "movie_dislike_users": [],
        "actor": [
            4726,
            6587,
            26485,
            142389,
            1480643,
            1533987,
            1753914
        ]
    }
},
{
    "model": "movies.movie",
    "pk": 46,
    "fields": {
        "movie_id": 946310,
        "title": "Pirates Down the Street II: The Ninjas from Across",
        "release_date": "2022-04-20",
        "popularity": 318.336,
        "vote_count": 100,
        "vote_average": 6.775,
        "overview": "The pirates feel right at home in Sandborough, but the atmosphere cools right down when the ninjas come to live in the street. After all, pirates and ninjas are sworn enemies!  While pirate captain Hector Blunderbuss struggles to get rid of his new neighbours, son Billy and ninja daughter Yuka become friends. The pirates challenge the ninjas to the ultimate battle at the village's annual hexathlon. Who will win the match? Ninjas are faster and more agile of course, but pirates are the best cheats in all of the seven seas...",
        "backdrop_path_original": "https://image.tmdb.org/t/p/original//tFaC1Fb1sv1dALB0i9Avi76MHmn.jpg",
        "poster_path_original": "https://image.tmdb.org/t/p/original//uDsvma9dAwnDPVuCFi99YpWvBk0.jpg",
        "trailerUrl": "https://www.youtube.com/embed/wgyWDK2Gycc?autoplay=1&mute=1&loop=1&playlist=wgyWDK2Gycc",
        "budget": 0,
        "revenue": 0,
        "runtime": 89,
        "homepage": "https://www.dfw.nl/dpvh-deninjasvandeoverkant",
        "genres": [
            12,
            28,
            10751
        ],
        "production_companies": [
            171076,
            171077
        ],
        "movie_like_users": [],
        "movie_dislike_users": [],
        "actor": [
            43646,
            102353
        ]
    }
},
{
    "model": "movies.movie",
    "pk": 47,
    "fields": {
        "movie_id": 1033219,
        "title": "Attack on Titan",
        "release_date": "2022-09-30",
        "popularity": 430.909,
        "vote_count": 130,
        "vote_average": 6.0,
        "overview": "As viable water is depleted on Earth, a mission is sent to Saturn's moon Titan to retrieve sustainable H2O reserves from its alien inhabitants. But just as the humans acquire the precious resource, they are attacked by Titan rebels, who don't trust that the Earthlings will leave in peace.",
        "backdrop_path_original": "https://image.tmdb.org/t/p/original//eNJhWy7xFzR74SYaSJHqJZuroDm.jpg",
        "poster_path_original": "https://image.tmdb.org/t/p/original//qNz4l8UgTkD8rlqiKZ556pCJ9iO.jpg",
        "trailerUrl": "https://www.youtube.com/embed/vdpj3SQpKcw?autoplay=1&mute=1&loop=1&playlist=vdpj3SQpKcw",
        "budget": 0,
        "revenue": 0,
        "runtime": 93,
        "homepage": "",
        "genres": [
            28,
            878
        ],
        "production_companies": [
            1311,
            185065
        ],
        "movie_like_users": [],
        "movie_dislike_users": [],
        "actor": []
    }
},
{
    "model": "movies.movie",
    "pk": 48,
    "fields": {
        "movie_id": 283995,
        "title": "Guardians of the Galaxy Vol. 2",
        "release_date": "2017-04-19",
        "popularity": 359.058,
        "vote_count": 19751,
        "vote_average": 7.624,
        "overview": "The Guardians must fight to keep their newfound family together as they unravel the mysteries of Peter Quill's true parentage.",
        "backdrop_path_original": "https://image.tmdb.org/t/p/original//aJn9XeesqsrSLKcHfHP4u5985hn.jpg",
        "poster_path_original": "https://image.tmdb.org/t/p/original//y4MBh0EjBlMuOzv9axM4qJlmhzz.jpg",
        "trailerUrl": "https://www.youtube.com/embed/BSXAOywn_rE?autoplay=1&mute=1&loop=1&playlist=BSXAOywn_rE",
        "budget": 200000000,
        "revenue": 863756051,
        "runtime": 137,
        "homepage": "http://marvel.com/movies/movie/221/guardians_of_the_galaxy_vol_2",
        "genres": [
            12,
            28,
            35,
            878
        ],
        "production_companies": [
            420
        ],
        "movie_like_users": [],
        "movie_dislike_users": [],
        "actor": [
            2478,
            6856,
            8691,
            12132,
            12835,
            16483,
            51329,
            51663,
            73457,
            77337,
            139820,
            209578,
            543261,
            543530,
            1133349,
            1293892
        ]
    }
},
{
    "model": "movies.movie",
    "pk": 49,
    "fields": {
        "movie_id": 980078,
        "title": "Winnie the Pooh: Blood and Honey",
        "release_date": "2023-01-27",
        "popularity": 300.126,
        "vote_count": 596,
        "vote_average": 5.729,
        "overview": "Christopher Robin is headed off to college and he has abandoned his old friends, Pooh and Piglet, which then leads to the duo embracing their inner monsters.",
        "backdrop_path_original": "https://image.tmdb.org/t/p/original//wD2kUCX1Bb6oeIb2uz7kbdfLP6k.jpg",
        "poster_path_original": "https://image.tmdb.org/t/p/original//ewF3IlGscc7FjgGEPcQvZsAsgAW.jpg",
        "trailerUrl": "https://www.youtube.com/embed/dcpcwARBMJ4?autoplay=1&mute=1&loop=1&playlist=dcpcwARBMJ4",
        "budget": 100000,
        "revenue": 3200000,
        "runtime": 84,
        "homepage": "",
        "genres": [
            27,
            53
        ],
        "production_companies": [
            148176,
            155744
        ],
        "movie_like_users": [],
        "movie_dislike_users": [],
        "actor": []
    }
},
{
    "model": "movies.movie",
    "pk": 50,
    "fields": {
        "movie_id": 1085103,
        "title": "Clock",
        "release_date": "2023-03-28",
        "popularity": 281.604,
        "vote_count": 86,
        "vote_average": 5.866,
        "overview": "On the eve of her 38th birthday, a woman desperately attempts to fix her broken biological clock.",
        "backdrop_path_original": "https://image.tmdb.org/t/p/original//bF2skCyB5jeJuO26GFaQIGHrMNl.jpg",
        "poster_path_original": "https://image.tmdb.org/t/p/original//m6Yt77C9u7Aume9dTJMCSRzWDED.jpg",
        "trailerUrl": "https://www.youtube.com/embed/dsmuf95eshk?autoplay=1&mute=1&loop=1&playlist=dsmuf95eshk",
        "budget": 0,
        "revenue": 0,
        "runtime": 92,
        "homepage": "https://www.hulu.com/movie/99647742-42aa-4911-a91a-03a1d40dfe72",
        "genres": [
            27,
            53,
            9648
        ],
        "production_companies": [
            148042
        ],
        "movie_like_users": [],
        "movie_dislike_users": [],
        "actor": [
            141687
        ]
    }
},
{
    "model": "movies.movie",
    "pk": 51,
    "fields": {
        "movie_id": 646389,
        "title": "Plane",
        "release_date": "2023-01-12",
        "popularity": 307.174,
        "vote_count": 1229,
        "vote_average": 6.888,
        "overview": "After a heroic job of successfully landing his storm-damaged aircraft in a war zone, a fearless pilot finds himself between the agendas of multiple militias planning to take the plane and its passengers hostage.",
        "backdrop_path_original": "https://image.tmdb.org/t/p/original//uO28ZohBXYQ35rAZCG8hacsTcV0.jpg",
        "poster_path_original": "https://image.tmdb.org/t/p/original//qi9r5xBgcc9KTxlOLjssEbDgO0J.jpg",
        "trailerUrl": "https://www.youtube.com/embed/SIQD0pUpC_Q?autoplay=1&mute=1&loop=1&playlist=SIQD0pUpC_Q",
        "budget": 25000000,
        "revenue": 51000000,
        "runtime": 107,
        "homepage": "https://www.plane.movie",
        "genres": [
            12,
            28,
            53
        ],
        "production_companies": [
            435,
            73492,
            76314,
            103331,
            149107
        ],
        "movie_like_users": [],
        "movie_dislike_users": [],
        "actor": [
            450,
            3417,
            17276,
            85142,
            1257819,
            1305610
        ]
    }
},
{
    "model": "movies.movie",
    "pk": 52,
    "fields": {
        "movie_id": 536554,
        "title": "M3GAN",
        "release_date": "2022-12-28",
        "popularity": 283.842,
        "vote_count": 2636,
        "vote_average": 7.345,
        "overview": "A brilliant toy company roboticist uses artificial intelligence to develop M3GAN, a life-like doll programmed to emotionally bond with her newly orphaned niece. But when the doll's programming works too well, she becomes overprotective of her new friend with terrifying results.",
        "backdrop_path_original": "https://image.tmdb.org/t/p/original//A077VsMIBBXNvlI5mohGnSiIrfI.jpg",
        "poster_path_original": "https://image.tmdb.org/t/p/original//d9nBoowhjiiYc4FBNtQkPY7c11H.jpg",
        "trailerUrl": "https://www.youtube.com/embed/gHFC14dTqdo?autoplay=1&mute=1&loop=1&playlist=gHFC14dTqdo",
        "budget": 12000000,
        "revenue": 176830912,
        "runtime": 102,
        "homepage": "https://www.m3ganmovie.com",
        "genres": [
            27,
            35,
            878
        ],
        "production_companies": [
            33,
            3172,
            76907,
            89115
        ],
        "movie_like_users": [],
        "movie_dislike_users": [],
        "actor": [
            1071699,
            1255540,
            1319469,
            2043430,
            2089274,
            2131391,
            3444018
        ]
    }
},
{
    "model": "movies.movie",
    "pk": 53,
    "fields": {
        "movie_id": 736790,
        "title": "Chupa",
        "release_date": "2023-04-07",
        "popularity": 297.59,
        "vote_count": 232,
        "vote_average": 6.5,
        "overview": "While visiting family in Mexico, a lonely boy befriends a mythical creature hiding on his grandfather's ranch and embarks on the adventure of a lifetime.",
        "backdrop_path_original": "https://image.tmdb.org/t/p/original//aityu1Gma509jInlspHstEt8Jg0.jpg",
        "poster_path_original": "https://image.tmdb.org/t/p/original//ra3xm8KFAkwK0CdbPRkfYADJYTB.jpg",
        "trailerUrl": "https://www.youtube.com/embed/bJ4ENBghzSs?autoplay=1&mute=1&loop=1&playlist=bJ4ENBghzSs",
        "budget": 0,
        "revenue": 0,
        "runtime": 98,
        "homepage": "https://www.netflix.com/title/80992263",
        "genres": [
            12,
            14,
            10751
        ],
        "production_companies": [
            79192,
            195961
        ],
        "movie_like_users": [],
        "movie_dislike_users": [],
        "actor": []
    }
},
{
    "model": "movies.movie",
    "pk": 54,
    "fields": {
        "movie_id": 337339,
        "title": "The Fate of the Furious",
        "release_date": "2017-04-12",
        "popularity": 336.308,
        "vote_count": 9480,
        "vote_average": 6.892,
        "overview": "When a mysterious woman seduces Dom into the world of crime and a betrayal of those closest to him, the crew face trials that will test them as never before.",
        "backdrop_path_original": "https://image.tmdb.org/t/p/original//jzdnhRhG0dsuYorwvSqPqqnM1cV.jpg",
        "poster_path_original": "https://image.tmdb.org/t/p/original//dImWM7GJqryWJO9LHa3XQ8DD5NH.jpg",
        "trailerUrl": "https://www.youtube.com/embed/iVdIiOKBPkg?autoplay=1&mute=1&loop=1&playlist=iVdIiOKBPkg",
        "budget": 250000000,
        "revenue": 1236005118,
        "runtime": 136,
        "homepage": "https://www.thefastsaga.com/fast-saga/ff8",
        "genres": [
            28,
            53,
            80
        ],
        "production_companies": [
            33,
            333,
            1225
        ],
        "movie_like_users": [],
        "movie_dislike_users": [],
        "actor": [
            976,
            6856,
            6885,
            8169,
            8171,
            12835,
            17647,
            18918,
            73269,
            114019,
            571418,
            928572,
            1251069
        ]
    }
},
{
    "model": "movies.movie",
    "pk": 55,
    "fields": {
        "movie_id": 168259,
        "title": "Furious 7",
        "release_date": "2015-04-01",
        "popularity": 329.017,
        "vote_count": 9735,
        "vote_average": 7.235,
        "overview": "Deckard Shaw seeks revenge against Dominic Toretto and his family for his comatose brother.",
        "backdrop_path_original": "https://image.tmdb.org/t/p/original//cHkhb5A4gQRK6zs6Pv7zorHs8Nk.jpg",
        "poster_path_original": "https://image.tmdb.org/t/p/original//ktofZ9Htrjiy0P6LEowsDaxd3Ri.jpg",
        "trailerUrl": "https://www.youtube.com/embed/B3Ms2yFvus0?autoplay=1&mute=1&loop=1&playlist=B3Ms2yFvus0",
        "budget": 190000000,
        "revenue": 1515341399,
        "runtime": 137,
        "homepage": "https://www.thefastsaga.com/fast-saga/ff7",
        "genres": [
            28,
            53,
            80
        ],
        "production_companies": [
            33,
            333,
            1225
        ],
        "movie_like_users": [],
        "movie_dislike_users": [],
        "actor": [
            155,
            938,
            976,
            6856,
            8167,
            8169,
            8171,
            12835,
            17647,
            18918,
            22123,
            53252,
            57207,
            73269,
            114019,
            222906,
            492791,
            997887,
            1251069
        ]
    }
},
{
    "model": "movies.movie",
    "pk": 56,
    "fields": {
        "movie_id": 455476,
        "title": "Knights of the Zodiac",
        "release_date": "2023-04-27",
        "popularity": 304.591,
        "vote_count": 49,
        "vote_average": 6.3,
        "overview": "When a headstrong street orphan, Seiya, in search of his abducted sister unwittingly taps into hidden powers, he discovers he might be the only person alive who can protect a reincarnated goddess, sent to watch over humanity. Can he let his past go and embrace his destiny to become a Knight of the Zodiac?",
        "backdrop_path_original": "https://image.tmdb.org/t/p/original//HU3MfA3ItYMaVmYuphtrKugbqx.jpg",
        "poster_path_original": "https://image.tmdb.org/t/p/original//1nbFEdIFprRNSWcCM0RUjQqZifF.jpg",
        "trailerUrl": "https://www.youtube.com/embed/utzouOz69sw?autoplay=1&mute=1&loop=1&playlist=utzouOz69sw",
        "budget": 0,
        "revenue": 5000000,
        "runtime": 112,
        "homepage": "https://kotzmovie.com",
        "genres": [
            12,
            14,
            28
        ],
        "production_companies": [
            5542,
            11341
        ],
        "movie_like_users": [],
        "movie_dislike_users": [],
        "actor": [
            48,
            6408,
            10696,
            18702,
            1566805,
            1597855,
            1969510
        ]
    }
},
{
    "model": "movies.movie",
    "pk": 57,
    "fields": {
        "movie_id": 758009,
        "title": "Shotgun Wedding",
        "release_date": "2022-12-28",
        "popularity": 272.066,
        "vote_count": 825,
        "vote_average": 6.353,
        "overview": "Darcy and Tom gather their families for the ultimate destination wedding but when the entire party is taken hostage, “’Til Death Do Us Part” takes on a whole new meaning in this hilarious, adrenaline-fueled adventure as Darcy and Tom must save their loved ones—if they don’t kill each other first.",
        "backdrop_path_original": "https://image.tmdb.org/t/p/original//zGoZB4CboMzY1z4G3nU6BWnMDB2.jpg",
        "poster_path_original": "https://image.tmdb.org/t/p/original//t79ozwWnwekO0ADIzsFP1E5SkvR.jpg",
        "trailerUrl": "https://www.youtube.com/embed/rPrMuGf-i_k?autoplay=1&mute=1&loop=1&playlist=rPrMuGf-i_k",
        "budget": 0,
        "revenue": 4495365,
        "runtime": 101,
        "homepage": "https://www.amazon.com/dp/B0B7729B9F",
        "genres": [
            28,
            35,
            10749
        ],
        "production_companies": [
            1620,
            10227
        ],
        "movie_like_users": [],
        "movie_dislike_users": [],
        "actor": [
            11159,
            16866,
            19536,
            27396,
            38334,
            77069,
            1561264
        ]
    }
},
{
    "model": "movies.movie",
    "pk": 58,
    "fields": {
        "movie_id": 842945,
        "title": "Supercell",
        "release_date": "2023-03-17",
        "popularity": 356.638,
        "vote_count": 155,
        "vote_average": 6.2,
        "overview": "Good-hearted teenager William always lived in hope of following in his late father’s footsteps and becoming a storm chaser. His father’s legacy has now been turned into a storm-chasing tourist business, managed by the greedy and reckless Zane Rogers, who is now using William as the main attraction to lead a group of unsuspecting adventurers deep into the eye of the most dangerous supercell ever seen.",
        "backdrop_path_original": "https://image.tmdb.org/t/p/original//m1fgGSLK0WvRpzM1AmZu38m0Tx8.jpg",
        "poster_path_original": "https://image.tmdb.org/t/p/original//gbGHezV6yrhua0KfAgwrknSOiIY.jpg",
        "trailerUrl": "https://www.youtube.com/embed/Te4pM0uzYIc?autoplay=1&mute=1&loop=1&playlist=Te4pM0uzYIc",
        "budget": 0,
        "revenue": 0,
        "runtime": 100,
        "homepage": "",
        "genres": [
            28
        ],
        "production_companies": [
            76991,
            76992,
            117761,
            149070,
            168294,
            179981,
            179983
        ],
        "movie_like_users": [],
        "movie_dislike_users": [],
        "actor": [
            7447,
            8256,
            22108,
            189680,
            228100,
            1710334,
            2367427
        ]
    }
},
{
    "model": "movies.movie",
    "pk": 59,
    "fields": {
        "movie_id": 631842,
        "title": "Knock at the Cabin",
        "release_date": "2023-02-01",
        "popularity": 281.859,
        "vote_count": 1467,
        "vote_average": 6.399,
        "overview": "While vacationing at a remote cabin, a young girl and her two fathers are taken hostage by four armed strangers who demand that the family make an unthinkable choice to avert the apocalypse. With limited access to the outside world, the family must decide what they believe before all is lost.",
        "backdrop_path_original": "https://image.tmdb.org/t/p/original//xZccWNz4v4dJDAPUwrrJKihq1F6.jpg",
        "poster_path_original": "https://image.tmdb.org/t/p/original//dm06L9pxDOL9jNSK4Cb6y139rrG.jpg",
        "trailerUrl": "https://www.youtube.com/embed/sPzGSs5KK6w?autoplay=1&mute=1&loop=1&playlist=sPzGSs5KK6w",
        "budget": 20000000,
        "revenue": 54708659,
        "runtime": 100,
        "homepage": "https://www.knockatthecabin.com",
        "genres": [
            27,
            53
        ],
        "production_companies": [
            33,
            1778,
            7493,
            10338,
            12236,
            152785
        ],
        "movie_like_users": [],
        "movie_dislike_users": [],
        "actor": [
            221611,
            543530,
            969316
        ]
    }
},
{
    "model": "movies.movie",
    "pk": 60,
    "fields": {
        "movie_id": 1094319,
        "title": "The Best Man",
        "release_date": "2023-04-21",
        "popularity": 491.128,
        "vote_count": 37,
        "vote_average": 6.176,
        "overview": "Mercenaries seize control of a remote resort hotel during a wedding and it's up to the best man, the groom and their drunken best friend to stop the terrorists and save the hostages.",
        "backdrop_path_original": "https://image.tmdb.org/t/p/original//wIb43RlPf5iYeoBAYIfxfhpE8NI.jpg",
        "poster_path_original": "https://image.tmdb.org/t/p/original//c9f6mFZqkyz4AD0sxGmynE1pe0v.jpg",
        "trailerUrl": "https://www.youtube.com/embed/fFrk7YkpAus?autoplay=1&mute=1&loop=1&playlist=fFrk7YkpAus",
        "budget": 0,
        "revenue": 0,
        "runtime": 93,
        "homepage": "",
        "genres": [
            28,
            53
        ],
        "production_companies": [
            76992
        ],
        "movie_like_users": [],
        "movie_dislike_users": [],
        "actor": [
            16644,
            21318,
            36422,
            61183,
            72440,
            212833,
            1008235
        ]
    }
},
{
    "model": "movies.movie",
    "pk": 61,
    "fields": {
        "movie_id": 997776,
        "title": "Justice League x RWBY: Super Heroes & Huntsmen, Part One",
        "release_date": "2023-04-25",
        "popularity": 288.016,
        "vote_count": 56,
        "vote_average": 7.875,
        "overview": "Superman, Batman, Wonder Woman, Flash, Cyborg, Green Lantern and Vixen are transported to the strange world of Remnant and find themselves turned into teenagers. Meanwhile, Remnant heroes Ruby, Weiss, Blake and Yang must combine forces with the Justice League to uncover why their planet has been mysteriously altered before a superpowered Grimm destroys everything.",
        "backdrop_path_original": "https://image.tmdb.org/t/p/original//3GLrNvvkVJjBiffV8RsEh9Xg1eS.jpg",
        "poster_path_original": "https://image.tmdb.org/t/p/original//sjBFnG8DpouuWi161KbjbAER235.jpg",
        "trailerUrl": "https://www.youtube.com/embed/l117IYSp1NA?autoplay=1&mute=1&loop=1&playlist=l117IYSp1NA",
        "budget": 0,
        "revenue": 0,
        "runtime": 83,
        "homepage": "",
        "genres": [
            14,
            16,
            28
        ],
        "production_companies": [
            2785,
            14772,
            17412
        ],
        "movie_like_users": [],
        "movie_dislike_users": [],
        "actor": [
            211484,
            215056,
            232006,
            1293390,
            1293391,
            1293393,
            1293394,
            1489940
        ]
    }
},
{
    "model": "movies.movie",
    "pk": 62,
    "fields": {
        "movie_id": 943822,
        "title": "Prizefighter: The Life of Jem Belcher",
        "release_date": "2022-06-30",
        "popularity": 264.212,
        "vote_count": 130,
        "vote_average": 6.258,
        "overview": "At the turn of the 19th century, Pugilism was the sport of kings and a gifted young boxer fought his way to becoming champion of England.",
        "backdrop_path_original": "https://image.tmdb.org/t/p/original//2Eewgp7o5AU1xCataDmiIL2nYxd.jpg",
        "poster_path_original": "https://image.tmdb.org/t/p/original//x3PIk93PTbxT88ohfeb26L1VpZw.jpg",
        "trailerUrl": "https://www.youtube.com/embed/Ljn43-dp5oQ?autoplay=1&mute=1&loop=1&playlist=Ljn43-dp5oQ",
        "budget": 0,
        "revenue": 0,
        "runtime": 107,
        "homepage": "",
        "genres": [
            18,
            36
        ],
        "production_companies": [],
        "movie_like_users": [],
        "movie_dislike_users": [],
        "actor": []
    }
},
{
    "model": "movies.movie",
    "pk": 63,
    "fields": {
        "movie_id": 1104040,
        "title": "Gangs of Lagos",
        "release_date": "2023-04-07",
        "popularity": 238.678,
        "vote_count": 39,
        "vote_average": 6.269,
        "overview": "A group of friends who each have to navigate their own destiny, growing up on the bustling streets and neighborhood of Isale Eko, Lagos.",
        "backdrop_path_original": "https://image.tmdb.org/t/p/original//rPSJAElGxOTko1zK6uIlYnTMFxN.jpg",
        "poster_path_original": "https://image.tmdb.org/t/p/original//nGwFsB6EXUCr21wzPgtP5juZPSv.jpg",
        "trailerUrl": "https://www.youtube.com/embed/TBLNplnMVzA?autoplay=1&mute=1&loop=1&playlist=TBLNplnMVzA",
        "budget": 160000000,
        "revenue": 0,
        "runtime": 124,
        "homepage": "https://www.amazon.com/Gangs-Lagos-Tobi-Bakre/dp/B0B6QMJ7CW",
        "genres": [
            80
        ],
        "production_companies": [],
        "movie_like_users": [],
        "movie_dislike_users": [],
        "actor": []
    }
},
{
    "model": "movies.movie",
    "pk": 64,
    "fields": {
        "movie_id": 1079078,
        "title": "Royalteen: Princess Margrethe",
        "release_date": "2023-05-11",
        "popularity": 266.187,
        "vote_count": 55,
        "vote_average": 6.9,
        "overview": "Last year’s prom ended in major drama for Princess Margrethe. She doesn’t dare tell anyone about what happened the night she was hospitalized. Suddenly the Danish royal family plans to visit Norway, and Princess Margrethe will finally get to meet the handsome Danish prince that she's been chatting with for months. As family drama starts piling up for the royal Norwegian family, she finds herself lost between taking care of her family, portraying herself as a strong princess, and being vulnerable in her quest for love.",
        "backdrop_path_original": "https://image.tmdb.org/t/p/original//yELOCXWN7mHpztKppR3ZLWG0CUp.jpg",
        "poster_path_original": "https://image.tmdb.org/t/p/original//2gkKRFDiuSvBB57glAMBsdRGeWk.jpg",
        "trailerUrl": "https://www.youtube.com/embed/8CXM_EizDYo?autoplay=1&mute=1&loop=1&playlist=8CXM_EizDYo",
        "budget": 0,
        "revenue": 0,
        "runtime": 98,
        "homepage": "https://www.netflix.com/title/81516659",
        "genres": [
            18,
            10749
        ],
        "production_companies": [
            178332
        ],
        "movie_like_users": [],
        "movie_dislike_users": [],
        "actor": []
    }
},
{
    "model": "movies.movie",
    "pk": 65,
    "fields": {
        "movie_id": 296271,
        "title": "The Devil Conspiracy",
        "release_date": "2023-01-13",
        "popularity": 225.903,
        "vote_count": 160,
        "vote_average": 6.3,
        "overview": "The hottest biotech company in the world has discovered they can clone history’s most influential people from the dead. Now, they are auctioning clones of Michelangelo, Galileo, Vivaldi, and others for tens of millions of dollars to the world’s ultra-rich. But when they steal the Shroud of Turin and clone the DNA of Jesus Christ, all hell breaks loose.",
        "backdrop_path_original": "https://image.tmdb.org/t/p/original//sp7MPK2K60LLd7A6zjHKsfgjFil.jpg",
        "poster_path_original": "https://image.tmdb.org/t/p/original//2lUYbD2C3XSuwqMUbDVDQuz9mqz.jpg",
        "trailerUrl": "https://www.youtube.com/embed/fM4Vx_GROeo?autoplay=1&mute=1&loop=1&playlist=fM4Vx_GROeo",
        "budget": 0,
        "revenue": 0,
        "runtime": 111,
        "homepage": "",
        "genres": [
            14,
            27,
            53,
            878
        ],
        "production_companies": [
            20473,
            195076,
            195077
        ],
        "movie_like_users": [],
        "movie_dislike_users": [],
        "actor": []
    }
},
{
    "model": "movies.movie",
    "pk": 66,
    "fields": {
        "movie_id": 869626,
        "title": "Marcel the Shell with Shoes On",
        "release_date": "2022-06-24",
        "popularity": 235.325,
        "vote_count": 274,
        "vote_average": 7.75,
        "overview": "Marcel is an adorable one-inch-tall shell who ekes out a colorful existence with his grandmother Connie and their pet lint, Alan. Once part of a sprawling community of shells, they now live alone as the sole survivors of a mysterious tragedy. But when a documentary filmmaker discovers them amongst the clutter of his Airbnb, the short film he posts online brings Marcel millions of passionate fans, as well as unprecedented dangers and a new hope at finding his long-lost family.",
        "backdrop_path_original": "https://image.tmdb.org/t/p/original//1PRWW60yQparK1I8Soyy9Evf7Dv.jpg",
        "poster_path_original": "https://image.tmdb.org/t/p/original//jaYmP4Ct8YLnxWAW2oYkUjeXtzm.jpg",
        "trailerUrl": "https://www.youtube.com/embed/jUV5iWAqyCA?autoplay=1&mute=1&loop=1&playlist=jUV5iWAqyCA",
        "budget": 0,
        "revenue": 6000000,
        "runtime": 90,
        "homepage": "https://a24films.com/films/marcel-the-shell-with-shoes-on",
        "genres": [
            12,
            16,
            18,
            35,
            10751
        ],
        "production_companies": [
            3173,
            12219,
            55143,
            169139,
            173277,
            187404
        ],
        "movie_like_users": [],
        "movie_dislike_users": [],
        "actor": [
            6588,
            213001
        ]
    }
},
{
    "model": "movies.movie",
    "pk": 67,
    "fields": {
        "movie_id": 1105014,
        "title": "Ripper's Revenge",
        "release_date": "2023-04-03",
        "popularity": 301.555,
        "vote_count": 22,
        "vote_average": 5.977,
        "overview": "One year on from the notorious Ripper murders, London is terrorised once again by a series of brutal killings. When gruesome letters from the Ripper begin landing on his desk, an innocent reporter finds himself drawn into a deadly mystery, threatening the lives of everyone around him.",
        "backdrop_path_original": "https://image.tmdb.org/t/p/original//qm1MiCMM5tvHpxWqSgfIxzUILuY.jpg",
        "poster_path_original": "https://image.tmdb.org/t/p/original//cuEIBHTWAvaYkhhS8HfOkhce2MB.jpg",
        "trailerUrl": "https://www.youtube.com/embed/V7cQNG2AaCw?autoplay=1&mute=1&loop=1&playlist=V7cQNG2AaCw",
        "budget": 0,
        "revenue": 0,
        "runtime": 85,
        "homepage": "",
        "genres": [
            27
        ],
        "production_companies": [],
        "movie_like_users": [],
        "movie_dislike_users": [],
        "actor": []
    }
},
{
    "model": "movies.movie",
    "pk": 68,
    "fields": {
        "movie_id": 1084225,
        "title": "The Park",
        "release_date": "2023-03-02",
        "popularity": 298.695,
        "vote_count": 44,
        "vote_average": 5.909,
        "overview": "A dystopian coming-of-age movie focused on three kids who find themselves in an abandoned amusement park, aiming to unite whoever remains. With dangers lurking around every corner, they will do whatever it takes to survive their hellish Neverland.",
        "backdrop_path_original": "https://image.tmdb.org/t/p/original//cevmHkKqSlrTYqpJ5eaAjml1jec.jpg",
        "poster_path_original": "https://image.tmdb.org/t/p/original//hR1jdCw0A9czgsbp45TASkjjBhA.jpg",
        "trailerUrl": "https://www.youtube.com/embed/HLcEO27FWBY?autoplay=1&mute=1&loop=1&playlist=HLcEO27FWBY",
        "budget": 0,
        "revenue": 0,
        "runtime": 80,
        "homepage": "",
        "genres": [
            18,
            27,
            28,
            53,
            878
        ],
        "production_companies": [
            46453
        ],
        "movie_like_users": [],
        "movie_dislike_users": [],
        "actor": []
    }
},
{
    "model": "movies.movie",
    "pk": 69,
    "fields": {
        "movie_id": 667538,
        "title": "Transformers: Rise of the Beasts",
        "release_date": "2023-06-06",
        "popularity": 251.178,
        "vote_count": 0,
        "vote_average": 0.0,
        "overview": "A '90s globetrotting adventure that introduces the Maximals, Predacons, and Terrorcons to the existing battle on earth between Autobots and Decepticons.",
        "backdrop_path_original": "https://image.tmdb.org/t/p/original//rH3jY9JN9krUyE0Q3WLNtujMs8.jpg",
        "poster_path_original": "https://image.tmdb.org/t/p/original//gPbM0MK8CP8A174rmUwGsADNYKD.jpg",
        "trailerUrl": "https://www.youtube.com/embed/5CNQEutg-bQ?autoplay=1&mute=1&loop=1&playlist=5CNQEutg-bQ",
        "budget": 200000000,
        "revenue": 0,
        "runtime": 127,
        "homepage": "https://www.transformersmovie.com",
        "genres": [
            12,
            28,
            878
        ],
        "production_companies": [
            4,
            56,
            435,
            6734,
            8147,
            22826,
            38831,
            82819,
            114732
        ],
        "movie_like_users": [],
        "movie_dislike_users": [],
        "actor": [
            141610,
            1560244,
            1676520,
            2940842
        ]
    }
},
{
    "model": "movies.movie",
    "pk": 70,
    "fields": {
        "movie_id": 849869,
        "title": "Kill Boksoon",
        "release_date": "2023-02-17",
        "popularity": 201.263,
        "vote_count": 255,
        "vote_average": 6.937,
        "overview": "At work, she's a renowned assassin. At home, she's a single mom to a teenage daughter. Killing? That's easy. It's parenting that's the hard part.",
        "backdrop_path_original": "https://image.tmdb.org/t/p/original//tYcmm8XtzRdcT6kliCbHuWwLCwB.jpg",
        "poster_path_original": "https://image.tmdb.org/t/p/original//taYgn3RRpCGlTGdaGQvnSIOzXFy.jpg",
        "trailerUrl": "https://www.youtube.com/embed/6w2vM69JxpM?autoplay=1&mute=1&loop=1&playlist=6w2vM69JxpM",
        "budget": 0,
        "revenue": 0,
        "runtime": 137,
        "homepage": "https://www.netflix.com/title/81478985",
        "genres": [
            28,
            53,
            80
        ],
        "production_companies": [
            126602
        ],
        "movie_like_users": [],
        "movie_dislike_users": [],
        "actor": [
            20737,
            64454,
            64455,
            68903,
            85008,
            139507,
            147505,
            223348,
            929122,
            1096458,
            1444366,
            1538984,
            1607301,
            1879169,
            2115785,
            2119920,
            2431091,
            2790264
        ]
    }
},
{
    "model": "movies.movie",
    "pk": 71,
    "fields": {
        "movie_id": 643215,
        "title": "Asterix & Obelix: The Middle Kingdom",
        "release_date": "2023-02-01",
        "popularity": 388.231,
        "vote_count": 379,
        "vote_average": 4.81,
        "overview": "Gallic heroes and forever friends Asterix and Obelix journey to China to help Princess Sa See save the Empress and her land from a nefarious prince.",
        "backdrop_path_original": "https://image.tmdb.org/t/p/original//n9wlAmb4vEgZHghtqsXXj95PocJ.jpg",
        "poster_path_original": "https://image.tmdb.org/t/p/original//ifOqT5SmA4ANjmyEacLw3KAFKUd.jpg",
        "trailerUrl": "https://www.youtube.com/embed/poBI837NxbI?autoplay=1&mute=1&loop=1&playlist=poBI837NxbI",
        "budget": 72000000,
        "revenue": 0,
        "runtime": 112,
        "homepage": "https://www.netflix.com/title/81389022",
        "genres": [
            12,
            35,
            10751
        ],
        "production_companies": [
            7981,
            20409,
            83068,
            120768
        ],
        "movie_like_users": [],
        "movie_dislike_users": [],
        "actor": [
            1925,
            19866,
            54291,
            129765,
            3899517
        ]
    }
},
{
    "model": "movies.movie",
    "pk": 72,
    "fields": {
        "movie_id": 67308,
        "title": "3-D Sex and Zen: Extreme Ecstasy",
        "release_date": "2011-04-14",
        "popularity": 183.599,
        "vote_count": 96,
        "vote_average": 4.932,
        "overview": "Loosely based on a 17th century erotic Chinese story named The Carnal Prayer Mat, the story follows a young scholar named Yangsheng who gets married to the beautiful daughter of a local merchant. When their sex life proves unsatisfactory, Yangsheng leaves home and journeys to the Pavilion of Ultimate Bliss.",
        "backdrop_path_original": "https://image.tmdb.org/t/p/original//ryQbb26wl1ggtypXiZW0kjKZCrP.jpg",
        "poster_path_original": "https://image.tmdb.org/t/p/original//mmvFokJgpFmNt522Hfpq3Zfs2Ra.jpg",
        "trailerUrl": "https://www.youtube.com/embed/0OSMZPJbm_g?autoplay=1&mute=1&loop=1&playlist=0OSMZPJbm_g",
        "budget": 3500000,
        "revenue": 10308238,
        "runtime": 105,
        "homepage": "",
        "genres": [
            12,
            18,
            28,
            36,
            10749
        ],
        "production_companies": [
            253,
            779,
            3190,
            3618,
            6246,
            7688,
            7689
        ],
        "movie_like_users": [],
        "movie_dislike_users": [],
        "actor": [
            122158,
            138489,
            548487
        ]
    }
},
{
    "model": "movies.movie",
    "pk": 73,
    "fields": {
        "movie_id": 876792,
        "title": "That Time I Got Reincarnated as a Slime the Movie: Scarlet Bond",
        "release_date": "2022-11-25",
        "popularity": 256.245,
        "vote_count": 206,
        "vote_average": 7.7,
        "overview": "A long-running conspiracy is swirling over a mysterious power wielded by the Queen in Raja, a small country west of Tempest. When a slime who evolved into a Demon Lord named Rimuru Tempest crosses paths with Hiiro, a survivor of the Ogre race, an incredible adventure packed with new characters begins. The power of bonds will be put to the test!",
        "backdrop_path_original": "https://image.tmdb.org/t/p/original//g03h9TULzJZOoXA34Abp5LE7lvt.jpg",
        "poster_path_original": "https://image.tmdb.org/t/p/original//xITip9n9uMAUA0TU6niMXU2tbh0.jpg",
        "trailerUrl": "https://www.youtube.com/embed/fG8fUTen5NI?autoplay=1&mute=1&loop=1&playlist=fG8fUTen5NI",
        "budget": 0,
        "revenue": 11426555,
        "runtime": 108,
        "homepage": "",
        "genres": [
            12,
            14,
            16
        ],
        "production_companies": [
            6683,
            6755,
            30294,
            59118,
            86741,
            118502,
            152836,
            162019,
            173132,
            173133,
            185075,
            188143
        ],
        "movie_like_users": [],
        "movie_dislike_users": [],
        "actor": [
            9710,
            552683,
            1161472,
            1248374,
            1249235,
            1319218,
            1407597,
            2138490
        ]
    }
},
{
    "model": "movies.movie",
    "pk": 74,
    "fields": {
        "movie_id": 985939,
        "title": "Fall",
        "release_date": "2022-08-11",
        "popularity": 247.224,
        "vote_count": 2877,
        "vote_average": 7.275,
        "overview": "For best friends Becky and Hunter, life is all about conquering fears and pushing limits. But after they climb 2,000 feet to the top of a remote, abandoned radio tower, they find themselves stranded with no way down. Now Becky and Hunter’s expert climbing skills will be put to the ultimate test as they desperately fight to survive the elements, a lack of supplies, and vertigo-inducing heights",
        "backdrop_path_original": "https://image.tmdb.org/t/p/original//hlxduUs8y9icWGMzYCDLcYHEQ2u.jpg",
        "poster_path_original": "https://image.tmdb.org/t/p/original//v28T5F1IygM8vXWZIycfNEm3xcL.jpg",
        "trailerUrl": "https://www.youtube.com/embed/n19hk6HdF7k?autoplay=1&mute=1&loop=1&playlist=n19hk6HdF7k",
        "budget": 3000000,
        "revenue": 16120263,
        "runtime": 107,
        "homepage": "https://www.lionsgate.com/movies/fall",
        "genres": [
            53
        ],
        "production_companies": [
            11053,
            125401,
            155758
        ],
        "movie_like_users": [],
        "movie_dislike_users": [],
        "actor": [
            47296,
            54633,
            1279279,
            2174509
        ]
    }
},
{
    "model": "movies.movie",
    "pk": 75,
    "fields": {
        "movie_id": 634649,
        "title": "Spider-Man: No Way Home",
        "release_date": "2021-12-15",
        "popularity": 259.424,
        "vote_count": 17388,
        "vote_average": 8.005,
        "overview": "Peter Parker is unmasked and no longer able to separate his normal life from the high-stakes of being a super-hero. When he asks for help from Doctor Strange the stakes become even more dangerous, forcing him to discover what it truly means to be Spider-Man.",
        "backdrop_path_original": "https://image.tmdb.org/t/p/original//14QbnygCuTO0vl7CAFmPf1fgZfV.jpg",
        "poster_path_original": "https://image.tmdb.org/t/p/original//uJYYizSuA9Y3DCs0qS4qWvHfZg4.jpg",
        "trailerUrl": "https://www.youtube.com/embed/EKLcsbJHht0?autoplay=1&mute=1&loop=1&playlist=EKLcsbJHht0",
        "budget": 200000000,
        "revenue": 1921847111,
        "runtime": 148,
        "homepage": "https://www.spidermannowayhome.movie",
        "genres": [
            12,
            28,
            878
        ],
        "production_companies": [
            5,
            420,
            84041
        ],
        "movie_like_users": [],
        "movie_dislike_users": [],
        "actor": [
            134,
            658,
            2219,
            3141,
            5293,
            15277,
            30082,
            37625,
            71580,
            457386,
            505710,
            1136406,
            1265629,
            1291350,
            1649152
        ]
    }
},
{
    "model": "movies.movie",
    "pk": 76,
    "fields": {
        "movie_id": 676710,
        "title": "The Amazing Maurice",
        "release_date": "2022-12-16",
        "popularity": 202.174,
        "vote_count": 79,
        "vote_average": 6.956,
        "overview": "Maurice is a streetwise ginger cat who comes up with a money-making scam by befriending a group of self-taught talking rats. When Maurice and the rodents meet a bookworm called Malicia, their little con soon goes down the drain.",
        "backdrop_path_original": "https://image.tmdb.org/t/p/original//70aVSo3fuZ94jyQ3rT64afEf8lV.jpg",
        "poster_path_original": "https://image.tmdb.org/t/p/original//ydhZeUjbzVEFclUpMhLfDZSavUY.jpg",
        "trailerUrl": "https://www.youtube.com/embed/RLKpWyhxQtA?autoplay=1&mute=1&loop=1&playlist=RLKpWyhxQtA",
        "budget": 17000000,
        "revenue": 3901839,
        "runtime": 93,
        "homepage": "https://ulyssesfilms.de/en/the-amazing-maurice.html",
        "genres": [
            12,
            14,
            16,
            35,
            10751
        ],
        "production_companies": [
            2026,
            11680,
            50163,
            90827,
            100886,
            115965,
            129669,
            129670,
            129671,
            171444
        ],
        "movie_like_users": [],
        "movie_dislike_users": [],
        "actor": [
            11207,
            19923,
            41419,
            59620,
            1223786,
            1227717,
            1238461
        ]
    }
},
{
    "model": "movies.movie",
    "pk": 77,
    "fields": {
        "movie_id": 994128,
        "title": "The Elderly",
        "release_date": "2023-04-21",
        "popularity": 185.074,
        "vote_count": 15,
        "vote_average": 7.1,
        "overview": "An octogenarian named Manuel falls into a state of dementia after the sudden suicide of his wife, sparking a series of paranormal events that will put his family’s lives at risk.",
        "backdrop_path_original": "https://image.tmdb.org/t/p/original//bKWFetR4injOJXOGHeLuTD7wHI4.jpg",
        "poster_path_original": "https://image.tmdb.org/t/p/original//88f35mGJOIE1nXgst5o4FvEDVzr.jpg",
        "trailerUrl": "https://www.youtube.com/embed/eT_UrX1gHt8?autoplay=1&mute=1&loop=1&playlist=eT_UrX1gHt8",
        "budget": 0,
        "revenue": 0,
        "runtime": 95,
        "homepage": "",
        "genres": [
            14,
            27,
            53
        ],
        "production_companies": [],
        "movie_like_users": [],
        "movie_dislike_users": [],
        "actor": [
            41869,
            234644,
            970993,
            1561072
        ]
    }
},
{
    "model": "movies.movie",
    "pk": 78,
    "fields": {
        "movie_id": 616037,
        "title": "Thor: Love and Thunder",
        "release_date": "2022-07-06",
        "popularity": 240.25,
        "vote_count": 5972,
        "vote_average": 6.575,
        "overview": "After his retirement is interrupted by Gorr the God Butcher, a galactic killer who seeks the extinction of the gods, Thor Odinson enlists the help of King Valkyrie, Korg, and ex-girlfriend Jane Foster, who now wields Mjolnir as the Mighty Thor. Together they embark upon a harrowing cosmic adventure to uncover the mystery of the God Butcher’s vengeance and stop him before it’s too late.",
        "backdrop_path_original": "https://image.tmdb.org/t/p/original//jsoz1HlxczSuTx0mDl2h0lxy36l.jpg",
        "poster_path_original": "https://image.tmdb.org/t/p/original//pIkRyD18kl4FhoCNQuWxWu5cBLM.jpg",
        "trailerUrl": "https://www.youtube.com/embed/Gf4AXNthfVg?autoplay=1&mute=1&loop=1&playlist=Gf4AXNthfVg",
        "budget": 250000000,
        "revenue": 760928081,
        "runtime": 119,
        "homepage": "https://www.marvel.com/movies/thor-love-and-thunder",
        "genres": [
            14,
            28,
            35
        ],
        "production_companies": [
            420,
            176762
        ],
        "movie_like_users": [],
        "movie_dislike_users": [],
        "actor": [
            524,
            934,
            3894,
            12835,
            17605,
            51329,
            51663,
            59817,
            62561,
            73457,
            74568,
            139820,
            543261,
            543530
        ]
    }
},
{
    "model": "movies.movie",
    "pk": 79,
    "fields": {
        "movie_id": 458156,
        "title": "John Wick: Chapter 3 - Parabellum",
        "release_date": "2019-05-15",
        "popularity": 258.478,
        "vote_count": 9229,
        "vote_average": 7.448,
        "overview": "Super-assassin John Wick returns with a $14 million price tag on his head and an army of bounty-hunting killers on his trail. After killing a member of the shadowy international assassin’s guild, the High Table, John Wick is excommunicado, but the world’s most ruthless hit men and women await his every turn.",
        "backdrop_path_original": "https://image.tmdb.org/t/p/original//vVpEOvdxVBP2aV166j5Xlvb5Cdc.jpg",
        "poster_path_original": "https://image.tmdb.org/t/p/original//ziEuG1essDuWuC5lpWUaw1uXY2O.jpg",
        "trailerUrl": "https://www.youtube.com/embed/QW4WTIYO1Bk?autoplay=1&mute=1&loop=1&playlist=QW4WTIYO1Bk",
        "budget": 55000000,
        "revenue": 326709727,
        "runtime": 131,
        "homepage": "https://www.lionsgate.com/movies/john-wick-chapter-3-parabellum",
        "genres": [
            28,
            53,
            80
        ],
        "production_companies": [
            1632,
            3528,
            23008
        ],
        "movie_like_users": [],
        "movie_dislike_users": [],
        "actor": [
            2975,
            4587,
            5419,
            5657,
            6384,
            6972,
            9462,
            18702,
            129101,
            187919,
            195930,
            1776040
        ]
    }
},
{
    "model": "movies.movie",
    "pk": 80,
    "fields": {
        "movie_id": 875104,
        "title": "Ip Man: The Awakening",
        "release_date": "2023-05-05",
        "popularity": 190.585,
        "vote_count": 11,
        "vote_average": 6.818,
        "overview": "When a young Master Ip stops a kidnapping, he ignites a turf war with a ruthless human-trafficking ring. In retaliation, the gang kidnaps one of Ip Man's close friends, forcing him to face the group's brutal boxing champion head-on.",
        "backdrop_path_original": "https://image.tmdb.org/t/p/original//Xfn9eDOaZKSz5W3PRoJI928I9c.jpg",
        "poster_path_original": "https://image.tmdb.org/t/p/original//A7vhdyGrpPMKXsuFBZzxmave94F.jpg",
        "trailerUrl": "https://www.youtube.com/embed/yVCiktvgHb4?autoplay=1&mute=1&loop=1&playlist=yVCiktvgHb4",
        "budget": 0,
        "revenue": 0,
        "runtime": 76,
        "homepage": "https://wellgousa.com/films/ip-man-awakening",
        "genres": [
            12,
            18,
            28,
            36
        ],
        "production_companies": [],
        "movie_like_users": [],
        "movie_dislike_users": [],
        "actor": [
            83487,
            3236273
        ]
    }
},
{
    "model": "movies.movie",
    "pk": 81,
    "fields": {
        "movie_id": 114,
        "title": "Pretty Woman",
        "release_date": "1990-03-23",
        "popularity": 214.609,
        "vote_count": 7130,
        "vote_average": 7.442,
        "overview": "When a millionaire wheeler-dealer enters a business contract with a Hollywood hooker Vivian Ward, he loses his heart in the bargain.",
        "backdrop_path_original": "https://image.tmdb.org/t/p/original//3tuWpnCTe14zZZPt6sI1W9ByOXx.jpg",
        "poster_path_original": "https://image.tmdb.org/t/p/original//hVHUfT801LQATGd26VPzhorIYza.jpg",
        "trailerUrl": "https://www.youtube.com/embed/toGEheu4eq4?autoplay=1&mute=1&loop=1&playlist=toGEheu4eq4",
        "budget": 14000000,
        "revenue": 463406268,
        "runtime": 119,
        "homepage": "",
        "genres": [
            35,
            10749
        ],
        "production_companies": [
            9195,
            10282
        ],
        "movie_like_users": [],
        "movie_dislike_users": [],
        "actor": [
            747,
            1204,
            1205,
            1206,
            1208,
            1209,
            1210,
            1212,
            1219,
            1220,
            1214024,
            2414049
        ]
    }
},
{
    "model": "movies.movie",
    "pk": 82,
    "fields": {
        "movie_id": 966220,
        "title": "Sniper: The White Raven",
        "release_date": "2022-05-03",
        "popularity": 198.332,
        "vote_count": 380,
        "vote_average": 7.545,
        "overview": "Mykola is an eccentric pacifist who wants to be useful to humanity. When the war begins at Donbass, Mykola’s naive world is collapsing as the militants kill his pregnant wife and burn his home to the ground. Recovered, he makes a cardinal decision and gets enlisted in a sniper company. Having met his wife’s killers, he emotionally breaks down and arranges “sniper terror” for the enemy. He’s saved from a senseless death by his instructor who himself gets mortally wounded. The death of a friend leaves a “scar” and Mykola is ready to sacrifice his life.",
        "backdrop_path_original": "https://image.tmdb.org/t/p/original//oal5fDK90yX6b8yunj6JahBqX2J.jpg",
        "poster_path_original": "https://image.tmdb.org/t/p/original//295gZzTXMvuiIG0U19h4M44PXxI.jpg",
        "trailerUrl": "https://www.youtube.com/embed/cZIhRHSXtyU?autoplay=1&mute=1&loop=1&playlist=cZIhRHSXtyU",
        "budget": 1000000,
        "revenue": 0,
        "runtime": 120,
        "homepage": "",
        "genres": [
            18,
            28,
            10752
        ],
        "production_companies": [
            173973
        ],
        "movie_like_users": [],
        "movie_dislike_users": [],
        "actor": [
            1916805,
            2039497,
            2232024,
            2342168,
            3258776
        ]
    }
},
{
    "model": "movies.movie",
    "pk": 83,
    "fields": {
        "movie_id": 265712,
        "title": "Stand by Me Doraemon",
        "release_date": "2014-08-08",
        "popularity": 190.324,
        "vote_count": 430,
        "vote_average": 7.309,
        "overview": "Sewashi and Doraemon find themselves way back in time and meet Nobita. It is up to Doraemon to take care of Nobita or else he will not return to the present.",
        "backdrop_path_original": "https://image.tmdb.org/t/p/original//1aABIiqBY7yoQESE8qWvR0w9bJZ.jpg",
        "poster_path_original": "https://image.tmdb.org/t/p/original//wc7XQbfx6EIQqCuvmBMt3aisb2Y.jpg",
        "trailerUrl": "https://www.youtube.com/embed/K4SMJcSyxYk?autoplay=1&mute=1&loop=1&playlist=K4SMJcSyxYk",
        "budget": 35000000,
        "revenue": 83061158,
        "runtime": 90,
        "homepage": "https://doraemon-3d.com/1/",
        "genres": [
            14,
            16,
            878,
            10751
        ],
        "production_companies": [
            882,
            5141,
            11327,
            12386
        ],
        "movie_like_users": [],
        "movie_dislike_users": [],
        "actor": [
            9715,
            80108,
            90567,
            932986,
            1142780,
            1241939,
            1246273,
            1469455
        ]
    }
},
{
    "model": "movies.movie",
    "pk": 84,
    "fields": {
        "movie_id": 826942,
        "title": "Spin Me Round",
        "release_date": "2022-08-19",
        "popularity": 150.162,
        "vote_count": 54,
        "vote_average": 5.037,
        "overview": "When the manager of an Italian restaurant chain wins the opportunity to attend the franchise’s educational immersion program in Italy, what she thought would be a romantic getaway devolves into chaos and catastrophe.",
        "backdrop_path_original": "https://image.tmdb.org/t/p/original//koSIWq7ra4MAw5QBtbgs4kINKws.jpg",
        "poster_path_original": "https://image.tmdb.org/t/p/original//oQ3EWU329YDGi4BOrEHpopq0BZi.jpg",
        "trailerUrl": "https://www.youtube.com/embed/ZrfmRnCs5SQ?autoplay=1&mute=1&loop=1&playlist=ZrfmRnCs5SQ",
        "budget": 0,
        "revenue": 0,
        "runtime": 104,
        "homepage": "",
        "genres": [
            35,
            10749
        ],
        "production_companies": [
            1974,
            128360
        ],
        "movie_like_users": [],
        "movie_dislike_users": [],
        "actor": [
            4941,
            28640,
            61110,
            74423,
            88029,
            123846,
            1456280,
            1607789,
            1726786
        ]
    }
},
{
    "model": "movies.movie",
    "pk": 85,
    "fields": {
        "movie_id": 1011679,
        "title": "Shark Side of the Moon",
        "release_date": "2022-08-12",
        "popularity": 200.357,
        "vote_count": 125,
        "vote_average": 5.344,
        "overview": "Decades ago, the USSR developed unkillable sharks and launched them to the moon. Today, a team of American astronauts will endure the fight of their lives.",
        "backdrop_path_original": "https://image.tmdb.org/t/p/original//AsEgGeccI32SwMBkxpwhOkhbzmF.jpg",
        "poster_path_original": "https://image.tmdb.org/t/p/original//v5CfpzxoJDkZxjZAizClFdlEF0U.jpg",
        "trailerUrl": "https://www.youtube.com/embed/7DZNzBF_K_Y?autoplay=1&mute=1&loop=1&playlist=7DZNzBF_K_Y",
        "budget": 10000,
        "revenue": 0,
        "runtime": 88,
        "homepage": "https://screenrant.com/shark-side-of-the-moon-trailer/amp/",
        "genres": [
            27,
            28,
            53,
            878
        ],
        "production_companies": [
            1311
        ],
        "movie_like_users": [],
        "movie_dislike_users": [],
        "actor": []
    }
},
{
    "model": "movies.movie",
    "pk": 86,
    "fields": {
        "movie_id": 324552,
        "title": "John Wick: Chapter 2",
        "release_date": "2017-02-08",
        "popularity": 223.803,
        "vote_count": 11527,
        "vote_average": 7.316,
        "overview": "John Wick is forced out of retirement by a former associate looking to seize control of a shadowy international assassins’ guild. Bound by a blood oath to aid him, Wick travels to Rome and does battle against some of the world’s most dangerous killers.",
        "backdrop_path_original": "https://image.tmdb.org/t/p/original//r17jFHAemzcWPPtoO0UxjIX0xas.jpg",
        "poster_path_original": "https://image.tmdb.org/t/p/original//hXWBc0ioZP3cN4zCu6SN3YHXZVO.jpg",
        "trailerUrl": "https://www.youtube.com/embed/Wp3EE71PINI?autoplay=1&mute=1&loop=1&playlist=Wp3EE71PINI",
        "budget": 40000000,
        "revenue": 171539887,
        "runtime": 122,
        "homepage": "https://www.lionsgate.com/movies/john-wick-chapter-2",
        "genres": [
            28,
            53,
            80
        ],
        "production_companies": [
            491,
            3528,
            23008
        ],
        "movie_like_users": [],
        "movie_dislike_users": [],
        "actor": [
            53,
            2975,
            4238,
            5723,
            6384,
            6972,
            8776,
            11115,
            18354,
            19490,
            22383,
            59270,
            105238,
            129101,
            187919,
            1218218,
            1246972,
            1758926
        ]
    }
},
{
    "model": "movies.movie",
    "pk": 87,
    "fields": {
        "movie_id": 361743,
        "title": "Top Gun: Maverick",
        "release_date": "2022-05-24",
        "popularity": 211.138,
        "vote_count": 6852,
        "vote_average": 8.291,
        "overview": "After more than thirty years of service as one of the Navy’s top aviators, and dodging the advancement in rank that would ground him, Pete “Maverick” Mitchell finds himself training a detachment of TOP GUN graduates for a specialized mission the likes of which no living pilot has ever seen.",
        "backdrop_path_original": "https://image.tmdb.org/t/p/original//AaV1YIdWKnjAIAOe8UUKBFm327v.jpg",
        "poster_path_original": "https://image.tmdb.org/t/p/original//62HCnUTziyWcpDaBO2i1DX17ljH.jpg",
        "trailerUrl": "https://www.youtube.com/embed/0d2UpBIFgYI?autoplay=1&mute=1&loop=1&playlist=0d2UpBIFgYI",
        "budget": 170000000,
        "revenue": 1488732821,
        "runtime": 131,
        "homepage": "https://www.topgunmovie.com",
        "genres": [
            18,
            28
        ],
        "production_companies": [
            4,
            10288,
            82819
        ],
        "movie_like_users": [],
        "movie_dislike_users": [],
        "actor": [
            228,
            500,
            5576,
            6161,
            65717,
            83271,
            124112,
            151680,
            996701,
            1241330,
            1525043,
            1700685,
            1773397
        ]
    }
},
{
    "model": "movies.movie",
    "pk": 88,
    "fields": {
        "movie_id": 50014,
        "title": "The Help",
        "release_date": "2011-08-09",
        "popularity": 343.584,
        "vote_count": 7248,
        "vote_average": 8.198,
        "overview": "Aibileen Clark is a middle-aged African-American maid who has spent her life raising white children and has recently lost her only son; Minny Jackson is an African-American maid who has often offended her employers despite her family's struggles with money and her desperate need for jobs; and Eugenia \"Skeeter\" Phelan is a young white woman who has recently moved back home after graduating college to find out her childhood maid has mysteriously disappeared. These three stories intertwine to explain how life in Jackson, Mississippi revolves around \"the help\"; yet they are always kept at a certain distance because of racial lines.",
        "backdrop_path_original": "https://image.tmdb.org/t/p/original//wyvUmyzqGOBDyqLHRSukGDjI7bH.jpg",
        "poster_path_original": "https://image.tmdb.org/t/p/original//3kmfoWWEc9Vtyuaf9v5VipRgdjx.jpg",
        "trailerUrl": "https://www.youtube.com/embed/5-7EzuQvQzA?autoplay=1&mute=1&loop=1&playlist=5-7EzuQvQzA",
        "budget": 25000000,
        "revenue": 216639112,
        "runtime": 146,
        "homepage": "",
        "genres": [
            18
        ],
        "production_companies": [
            436,
            95966
        ],
        "movie_like_users": [],
        "movie_dislike_users": [],
        "actor": [
            19,
            2453,
            5606,
            6858,
            6944,
            13314,
            18249,
            18997,
            19492,
            35013,
            50464,
            51682,
            53923,
            54693,
            56689,
            83002,
            83222,
            84300,
            221098,
            999605,
            1367901
        ]
    }
},
{
    "model": "movies.movie",
    "pk": 89,
    "fields": {
        "movie_id": 766507,
        "title": "Prey",
        "release_date": "2022-08-02",
        "popularity": 171.937,
        "vote_count": 5487,
        "vote_average": 7.789,
        "overview": "When danger threatens her camp, the fierce and highly skilled Comanche warrior Naru sets out to protect her people. But the prey she stalks turns out to be a highly evolved alien predator with a technically advanced arsenal.",
        "backdrop_path_original": "https://image.tmdb.org/t/p/original//7ZO9yoEU2fAHKhmJWfAc2QIPWJg.jpg",
        "poster_path_original": "https://image.tmdb.org/t/p/original//ujr5pztc1oitbe7ViMUOilFaJ7s.jpg",
        "trailerUrl": "https://www.youtube.com/embed/br5cxQXKtuc?autoplay=1&mute=1&loop=1&playlist=br5cxQXKtuc",
        "budget": 65000000,
        "revenue": 0,
        "runtime": 100,
        "homepage": "https://www.20thcenturystudios.com/movies/prey",
        "genres": [
            28,
            53,
            878
        ],
        "production_companies": [
            127928
        ],
        "movie_like_users": [],
        "movie_dislike_users": [],
        "actor": [
            1654001
        ]
    }
},
{
    "model": "movies.movie",
    "pk": 90,
    "fields": {
        "movie_id": 844404,
        "title": "Sam & Kate",
        "release_date": "2022-11-11",
        "popularity": 144.291,
        "vote_count": 25,
        "vote_average": 6.6,
        "overview": "Bill is an ailing larger-than-life father being taken care of by his son Sam, who has returned home to care for him. While home, Sam falls for a local woman, Kate. At the same time, Bill starts to fall for her mom, Tina.",
        "backdrop_path_original": "https://image.tmdb.org/t/p/original//luvaeDWXnVsdOrVfq57zLg38tqk.jpg",
        "poster_path_original": "https://image.tmdb.org/t/p/original//fzQN7YcIgboMavMMwrOTaqz8agm.jpg",
        "trailerUrl": "https://www.youtube.com/embed/RNGVv9kjcYY?autoplay=1&mute=1&loop=1&playlist=RNGVv9kjcYY",
        "budget": 0,
        "revenue": 0,
        "runtime": 110,
        "homepage": "",
        "genres": [
            18,
            35,
            10749
        ],
        "production_companies": [
            41735,
            90761,
            168294,
            179981,
            181119,
            184616
        ],
        "movie_like_users": [],
        "movie_dislike_users": [],
        "actor": [
            4483,
            5606,
            9976,
            70852,
            134235,
            1718567
        ]
    }
},
{
    "model": "movies.movie",
    "pk": 91,
    "fields": {
        "movie_id": 676547,
        "title": "Prey for the Devil",
        "release_date": "2022-10-23",
        "popularity": 174.873,
        "vote_count": 665,
        "vote_average": 7.1,
        "overview": "In response to a global rise in demonic possessions, the Catholic Church reopens exorcism schools to train priests in the Rite of Exorcism. On this spiritual battlefield, an unlikely warrior rises: a young nun, Sister Ann. Thrust onto the spiritual frontline with fellow student Father Dante, Sister Ann finds herself in a battle for the soul of a young girl and soon realizes the Devil has her right where he wants her.",
        "backdrop_path_original": "https://image.tmdb.org/t/p/original//94kQGMiFbs5MUTlt7kj9dewsMDi.jpg",
        "poster_path_original": "https://image.tmdb.org/t/p/original//iCvgemXf2Kpr2LvpDmt5J9NhjKM.jpg",
        "trailerUrl": "https://www.youtube.com/embed/tFVbvH75Abw?autoplay=1&mute=1&loop=1&playlist=tFVbvH75Abw",
        "budget": 0,
        "revenue": 37655699,
        "runtime": 93,
        "homepage": "https://www.preyforthedevil.movie/",
        "genres": [
            27,
            53
        ],
        "production_companies": [
            1632,
            12026,
            186049
        ],
        "movie_like_users": [],
        "movie_dislike_users": [],
        "actor": [
            5414,
            1237405,
            1400939
        ]
    }
},
{
    "model": "movies.movie",
    "pk": 92,
    "fields": {
        "movie_id": 843794,
        "title": "JUNG_E",
        "release_date": "2023-01-12",
        "popularity": 180.592,
        "vote_count": 458,
        "vote_average": 6.3,
        "overview": "On an uninhabitable 22nd-century Earth, the outcome of a civil war hinges on cloning the brain of an elite soldier to create a robot mercenary.",
        "backdrop_path_original": "https://image.tmdb.org/t/p/original//afsYFdid9pnnRd6tTrHFUbHgXJn.jpg",
        "poster_path_original": "https://image.tmdb.org/t/p/original//z2nfRxZCGFgAnVhb9pZO87TyTX5.jpg",
        "trailerUrl": "https://www.youtube.com/embed/v_Jc1MYFv5g?autoplay=1&mute=1&loop=1&playlist=v_Jc1MYFv5g",
        "budget": 0,
        "revenue": 0,
        "runtime": 98,
        "homepage": "https://www.netflix.com/title/81465109",
        "genres": [
            878
        ],
        "production_companies": [
            127541
        ],
        "movie_like_users": [],
        "movie_dislike_users": [],
        "actor": [
            232599,
            560064,
            1299243,
            2097710,
            2239782,
            2352461,
            2644771,
            3003869,
            3087309,
            3172983,
            3214227
        ]
    }
},
{
    "model": "movies.movie",
    "pk": 93,
    "fields": {
        "movie_id": 950141,
        "title": "Organ Trail",
        "release_date": "2023-04-14",
        "popularity": 236.576,
        "vote_count": 9,
        "vote_average": 6.222,
        "overview": "A young Abigale Archer is left friendless and alone in a brutal Montana winter during the 1870s—fighting for survival and to retrieve her one earthly possession, her family’s horse, from a gang of bloodthirsty bandits.",
        "backdrop_path_original": "https://image.tmdb.org/t/p/original//dE1SUD70ptplI0bKbdQCbbS8RZ0.jpg",
        "poster_path_original": "https://image.tmdb.org/t/p/original//s9nwiVMOVvnS2Jt6hdy7UHoFSD0.jpg",
        "trailerUrl": "https://www.youtube.com/embed/dfo2Dr7X_s8?autoplay=1&mute=1&loop=1&playlist=dfo2Dr7X_s8",
        "budget": 0,
        "revenue": 0,
        "runtime": 112,
        "homepage": "",
        "genres": [
            27,
            37
        ],
        "production_companies": [
            20312
        ],
        "movie_like_users": [],
        "movie_dislike_users": [],
        "actor": [
            1475097
        ]
    }
},
{
    "model": "movies.movie",
    "pk": 94,
    "fields": {
        "movie_id": 736526,
        "title": "Troll",
        "release_date": "2022-12-01",
        "popularity": 186.637,
        "vote_count": 1391,
        "vote_average": 6.725,
        "overview": "Deep inside the mountain of Dovre, something gigantic awakens after being trapped for a thousand years. Destroying everything in its path, the creature is fast approaching the capital of Norway. But how do you stop something you thought only existed in Norwegian folklore?",
        "backdrop_path_original": "https://image.tmdb.org/t/p/original//53BC9F2tpZnsGno2cLhzvGprDYS.jpg",
        "poster_path_original": "https://image.tmdb.org/t/p/original//9z4jRr43JdtU66P0iy8h18OyLql.jpg",
        "trailerUrl": "https://www.youtube.com/embed/G0aXYGTdg3g?autoplay=1&mute=1&loop=1&playlist=G0aXYGTdg3g",
        "budget": 0,
        "revenue": 0,
        "runtime": 104,
        "homepage": "https://www.netflix.com/title/81245455/",
        "genres": [
            12,
            14,
            28,
            53
        ],
        "production_companies": [
            108394
        ],
        "movie_like_users": [],
        "movie_dislike_users": [],
        "actor": [
            1394758
        ]
    }
},
{
    "model": "movies.movie",
    "pk": 95,
    "fields": {
        "movie_id": 569094,
        "title": "Spider-Man: Across the Spider-Verse",
        "release_date": "2023-05-31",
        "popularity": 209.502,
        "vote_count": 0,
        "vote_average": 0.0,
        "overview": "After reuniting with Gwen Stacy, Miles Morales — Brooklyn's full-time, friendly neighborhood Spider-Man — is catapulted across the Multiverse, where he encounters a team of Spider-People charged with protecting its very existence. But when the heroes clash on how to handle a new threat, Miles finds himself pitted against the other Spiders and must redefine what it means to be a hero so he can save the people he loves most.",
        "backdrop_path_original": "https://image.tmdb.org/t/p/original//82cxEifGLr7YTNcc0DNV0ya7Osq.jpg",
        "poster_path_original": "https://image.tmdb.org/t/p/original//8Vt6mWEReuy4Of61Lnj5Xj704m8.jpg",
        "trailerUrl": "https://www.youtube.com/embed/GPitD0-mkYA?autoplay=1&mute=1&loop=1&playlist=GPitD0-mkYA",
        "budget": 0,
        "revenue": 0,
        "runtime": 136,
        "homepage": "https://www.acrossthespiderverse.movie",
        "genres": [
            12,
            16,
            28,
            878
        ],
        "production_companies": [
            5,
            2251,
            7505,
            77973,
            84041,
            166230
        ],
        "movie_like_users": [],
        "movie_dislike_users": [],
        "actor": [
            17881,
            25072,
            32905,
            62861,
            62863,
            74242,
            130640,
            141610,
            206919,
            226366,
            543505,
            587506,
            1109702,
            1260481,
            1455336,
            2166356
        ]
    }
},
{
    "model": "movies.movie",
    "pk": 96,
    "fields": {
        "movie_id": 1114905,
        "title": "Death's Roulette",
        "release_date": "2023-05-05",
        "popularity": 178.6,
        "vote_count": 95,
        "vote_average": 6.553,
        "overview": "Seven strangers wake up in a mansion in the middle of nowhere to discover they are part of a twisted game. They will have 60 minutes to choose one person to die; otherwise, all of them will be murdered. As the clock ticks down, the most lurid secrets will come to light, and they’ll discover they are all connected by a dark past.",
        "backdrop_path_original": "https://image.tmdb.org/t/p/original//a20Z41sNEqhBOf6addlSBTTQJkg.jpg",
        "poster_path_original": "https://image.tmdb.org/t/p/original//yMeKoe3ui4Pad8FUOJwCby3SOWe.jpg",
        "trailerUrl": "https://www.youtube.com/embed/Wv_bXjNd-8I?autoplay=1&mute=1&loop=1&playlist=Wv_bXjNd-8I",
        "budget": 0,
        "revenue": 0,
        "runtime": 90,
        "homepage": "",
        "genres": [
            18,
            27,
            53,
            9648
        ],
        "production_companies": [
            87569,
            125586
        ],
        "movie_like_users": [],
        "movie_dislike_users": [],
        "actor": [
            16971,
            66914,
            2008873
        ]
    }
},
{
    "model": "movies.movie",
    "pk": 97,
    "fields": {
        "movie_id": 507086,
        "title": "Jurassic World Dominion",
        "release_date": "2022-06-01",
        "popularity": 190.486,
        "vote_count": 4830,
        "vote_average": 6.847,
        "overview": "Four years after Isla Nublar was destroyed, dinosaurs now live—and hunt—alongside humans all over the world. This fragile balance will reshape the future and determine, once and for all, whether human beings are to remain the apex predators ona planet they now share with history's most fearsome creatures.",
        "backdrop_path_original": "https://image.tmdb.org/t/p/original//jauI01vUIkPA0xVsamGj0Gs1nNL.jpg",
        "poster_path_original": "https://image.tmdb.org/t/p/original//kAVRgw7GgK1CfYEJq8ME6EvRIgU.jpg",
        "trailerUrl": "https://www.youtube.com/embed/wo6Y-czXa5w?autoplay=1&mute=1&loop=1&playlist=wo6Y-czXa5w",
        "budget": 165000000,
        "revenue": 1001978080,
        "runtime": 147,
        "homepage": "https://www.jurassicworld.com",
        "genres": [
            12,
            28,
            878
        ],
        "production_companies": [
            33,
            56
        ],
        "movie_like_users": [],
        "movie_dislike_users": [],
        "actor": [
            4783,
            4784,
            4785,
            14592,
            18997,
            55152,
            73457,
            78423,
            87954,
            94797,
            206425,
            1029934,
            1257819,
            1639848,
            2058708
        ]
    }
},
{
    "model": "movies.movie",
    "pk": 98,
    "fields": {
        "movie_id": 60898,
        "title": "Erotic Ghost Story",
        "release_date": "1990-05-19",
        "popularity": 186.358,
        "vote_count": 31,
        "vote_average": 6.097,
        "overview": "Three vixens have meditated for 1,000 years to able to shed their animal natures and become human. For the final month of their rigors, they have moved near a village where women pray to a god of fertility. One sister visits the god's temple and thinks lustful thoughts. As she leaves, a priest confronts her, warning of dire consequences and of demons that will try to stop the vixens' transformation. Soon, the youngest sister saves a poor scholar from bandits and becomes enamored of him. Each sister visits him, and before long, the youth has made love to all three. After they invite him to stay with them, the playfulness takes a scary turn. Where can they turn for help?",
        "backdrop_path_original": "https://image.tmdb.org/t/p/original//fpaVxLcSQnnMdtcCRdZV0eTjJPg.jpg",
        "poster_path_original": "https://image.tmdb.org/t/p/original//fTUCwsxVoLFuodAtlL6aITP1B45.jpg",
        "trailerUrl": "https://www.youtube.com/embed/g5YuUoJgBHA?autoplay=1&mute=1&loop=1&playlist=g5YuUoJgBHA",
        "budget": 0,
        "revenue": 0,
        "runtime": 88,
        "homepage": "",
        "genres": [
            14,
            18,
            27
        ],
        "production_companies": [
            3326
        ],
        "movie_like_users": [],
        "movie_dislike_users": [],
        "actor": [
            142644,
            231909,
            231912
        ]
    }
},
{
    "model": "movies.movie",
    "pk": 99,
    "fields": {
        "movie_id": 984105,
        "title": "The Mummy Resurrection",
        "release_date": "2023-01-02",
        "popularity": 145.244,
        "vote_count": 15,
        "vote_average": 6.467,
        "overview": "When an infamous \"cursed\" Egyptian sarcophagus falls into the hands of unscrupulous huckster Everett Randolph, he becomes obsessed with resurrecting the mummified princess held within it.",
        "backdrop_path_original": "https://image.tmdb.org/t/p/original//uxrVZ3J0IDftoTQO4rpWKNKVZDD.jpg",
        "poster_path_original": "https://image.tmdb.org/t/p/original//d0pt6KlVvmtG0uhccWjgWfIqJee.jpg",
        "trailerUrl": "https://www.youtube.com/embed/JVwpJDmo_Yw?autoplay=1&mute=1&loop=1&playlist=JVwpJDmo_Yw",
        "budget": 0,
        "revenue": 0,
        "runtime": 85,
        "homepage": "",
        "genres": [
            27
        ],
        "production_companies": [
            81562
        ],
        "movie_like_users": [],
        "movie_dislike_users": [],
        "actor": []
    }
},
{
    "model": "movies.movie",
    "pk": 100,
    "fields": {
        "movie_id": 1117698,
        "title": "Fanfic",
        "release_date": "2023-05-17",
        "popularity": 210.908,
        "vote_count": 28,
        "vote_average": 7.089,
        "overview": "Two high school students form an intense connection as they navigate the challenges of discovering and expressing their truest selves.",
        "backdrop_path_original": "https://image.tmdb.org/t/p/original//mw96qKZHHM4onrWcu9Aqb4lfvDg.jpg",
        "poster_path_original": "https://image.tmdb.org/t/p/original//kY13qAaWf5BOzdN15LkM89vDiNY.jpg",
        "trailerUrl": "https://www.youtube.com/embed/pLhyfppkjqY?autoplay=1&mute=1&loop=1&playlist=pLhyfppkjqY",
        "budget": 0,
        "revenue": 0,
        "runtime": 95,
        "homepage": "https://www.netflix.com/title/81307103",
        "genres": [
            18
        ],
        "production_companies": [],
        "movie_like_users": [],
        "movie_dislike_users": [],
        "actor": []
    }
},
{
    "model": "movies.movie",
    "pk": 101,
    "fields": {
        "movie_id": 1013860,
        "title": "R.I.P.D. 2: Rise of the Damned",
        "release_date": "2022-11-15",
        "popularity": 177.979,
        "vote_count": 472,
        "vote_average": 6.535,
        "overview": "When Sheriff Roy Pulsipher finds himself in the afterlife, he joins a special police force and returns to Earth to save humanity from the undead.",
        "backdrop_path_original": "https://image.tmdb.org/t/p/original//kmzppWh7ljL6K9fXW72bPN3gKwu.jpg",
        "poster_path_original": "https://image.tmdb.org/t/p/original//g4yJTzMtOBUTAR2Qnmj8TYIcFVq.jpg",
        "trailerUrl": "https://www.youtube.com/embed/gtM9lv0clGc?autoplay=1&mute=1&loop=1&playlist=gtM9lv0clGc",
        "budget": 0,
        "revenue": 0,
        "runtime": 102,
        "homepage": "",
        "genres": [
            14,
            28,
            35,
            80
        ],
        "production_companies": [
            17009
        ],
        "movie_like_users": [],
        "movie_dislike_users": [],
        "actor": [
            3901,
            52886,
            1146114,
            1180941,
            1215228,
            1439024,
            1474019,
            1776636,
            1816499
        ]
    }
},
{
    "model": "movies.movie",
    "pk": 102,
    "fields": {
        "movie_id": 663712,
        "title": "Terrifier 2",
        "release_date": "2022-10-06",
        "popularity": 174.314,
        "vote_count": 1195,
        "vote_average": 6.902,
        "overview": "After being resurrected by a sinister entity, Art the Clown returns to Miles County where he must hunt down and destroy a teenage girl and her younger brother on Halloween night.  As the body count rises, the siblings fight to stay alive while uncovering the true nature of Art's evil intent.",
        "backdrop_path_original": "https://image.tmdb.org/t/p/original//cRdA9xjHBbobw4LJFsQ3j1CgpVq.jpg",
        "poster_path_original": "https://image.tmdb.org/t/p/original//8gLhu8UFPZfH2Hv11JhTZkb9CVl.jpg",
        "trailerUrl": "https://www.youtube.com/embed/x5DhuDSArTI?autoplay=1&mute=1&loop=1&playlist=x5DhuDSArTI",
        "budget": 250000,
        "revenue": 12400000,
        "runtime": 138,
        "homepage": "http://www.terrifier2themovie.com/",
        "genres": [
            27
        ],
        "production_companies": [
            15157,
            84591,
            114220
        ],
        "movie_like_users": [],
        "movie_dislike_users": [],
        "actor": []
    }
},
{
    "model": "movies.movie",
    "pk": 103,
    "fields": {
        "movie_id": 724495,
        "title": "The Woman King",
        "release_date": "2022-09-16",
        "popularity": 164.212,
        "vote_count": 1474,
        "vote_average": 7.753,
        "overview": "The story of the Agojie, the all-female unit of warriors who protected the African Kingdom of Dahomey in the 1800s with skills and a fierceness unlike anything the world has ever seen, and General Nanisca as she trains the next generation of recruits and readies them for battle against an enemy determined to destroy their way of life.",
        "backdrop_path_original": "https://image.tmdb.org/t/p/original//xTsERrOCW15OIYl5aPX7Jbj38wu.jpg",
        "poster_path_original": "https://image.tmdb.org/t/p/original//438QXt1E3WJWb3PqNniK0tAE5c1.jpg",
        "trailerUrl": "https://www.youtube.com/embed/OKZZbVM9SSk?autoplay=1&mute=1&loop=1&playlist=OKZZbVM9SSk",
        "budget": 50000000,
        "revenue": 91000000,
        "runtime": 135,
        "homepage": "https://www.thewomanking.movie/",
        "genres": [
            18,
            28,
            36
        ],
        "production_companies": [
            559,
            8147,
            64469,
            137188,
            173612
        ],
        "movie_like_users": [],
        "movie_dislike_users": [],
        "actor": [
            19492,
            236695,
            1114487,
            1360281,
            1674734,
            1851642,
            2286339
        ]
    }
},
{
    "model": "movies.movie",
    "pk": 104,
    "fields": {
        "movie_id": 879990,
        "title": "God's Country",
        "release_date": "2022-09-15",
        "popularity": 159.783,
        "vote_count": 41,
        "vote_average": 5.573,
        "overview": "When a grieving college professor confronts two hunters she catches trespassing on her property, she's drawn into an escalating battle of wills with catastrophic consequences.",
        "backdrop_path_original": "https://image.tmdb.org/t/p/original//w1zCG16xT77PuRD3wZRGKVPPLHO.jpg",
        "poster_path_original": "https://image.tmdb.org/t/p/original//aZp190Qx33oRO8KGSkO1sFjEqC2.jpg",
        "trailerUrl": "https://www.youtube.com/embed/92kQD4fc0a0?autoplay=1&mute=1&loop=1&playlist=92kQD4fc0a0",
        "budget": 0,
        "revenue": 0,
        "runtime": 102,
        "homepage": "https://www.ifcfilms.com/films/gods-country",
        "genres": [
            18,
            37,
            53,
            9648
        ],
        "production_companies": [
            3916,
            61901
        ],
        "movie_like_users": [],
        "movie_dislike_users": [],
        "actor": [
            9030,
            74961
        ]
    }
},
{
    "model": "movies.movie",
    "pk": 105,
    "fields": {
        "movie_id": 635302,
        "title": "Demon Slayer -Kimetsu no Yaiba- The Movie: Mugen Train",
        "release_date": "2020-10-16",
        "popularity": 193.142,
        "vote_count": 3142,
        "vote_average": 8.3,
        "overview": "Tanjiro Kamado, joined with Inosuke Hashibira, a boy raised by boars who wears a boar's head, and Zenitsu Agatsuma, a scared boy who reveals his true power when he sleeps, boards the Infinity Train on a new mission with the Fire Hashira, Kyojuro Rengoku, to defeat a demon who has been tormenting the people and killing the demon slayers who oppose it!",
        "backdrop_path_original": "https://image.tmdb.org/t/p/original//xPpXYnCWfjkt3zzE0dpCNME1pXF.jpg",
        "poster_path_original": "https://image.tmdb.org/t/p/original//h8Rb9gBr48ODIwYUttZNYeMWeUU.jpg",
        "trailerUrl": "https://www.youtube.com/embed/XbTSLJ62YEM?autoplay=1&mute=1&loop=1&playlist=XbTSLJ62YEM",
        "budget": 15800000,
        "revenue": 503063688,
        "runtime": 117,
        "homepage": "https://demonslayer-anime.com",
        "genres": [
            12,
            14,
            16,
            28,
            53
        ],
        "production_companies": [
            882,
            2883,
            2918,
            5887,
            91520
        ],
        "movie_like_users": [],
        "movie_dislike_users": [],
        "actor": [
            9705,
            9706,
            9710,
            9726,
            24647,
            62318,
            81244,
            90567,
            119145,
            144655,
            220710,
            221773,
            224413,
            233590,
            237076,
            1096528,
            1241566,
            1250465,
            1256603,
            1550514,
            1563442,
            1606164,
            1779027,
            1820616,
            2251986
        ]
    }
},
{
    "model": "movies.movie",
    "pk": 106,
    "fields": {
        "movie_id": 675353,
        "title": "Sonic the Hedgehog 2",
        "release_date": "2022-04-08",
        "popularity": 203.543,
        "vote_count": 3929,
        "vote_average": 7.59,
        "overview": "After settling in Green Hills, Sonic is eager to prove he has what it takes to be a true hero. His test comes when Dr. Robotnik returns, this time with a new partner, Knuckles, in search for an emerald that has the power to destroy civilizations. Sonic teams up with his own sidekick, Tails, and together they embark on a globe-trotting journey to find the emerald before it falls into the wrong hands.",
        "backdrop_path_original": "https://image.tmdb.org/t/p/original//yEQqrW61rwNuVRHTjgHOAU4dXNE.jpg",
        "poster_path_original": "https://image.tmdb.org/t/p/original//6DrHO1jr3qVrViUO6s6kFiAGM7.jpg",
        "trailerUrl": "https://www.youtube.com/embed/KlBnLGew1Gk?autoplay=1&mute=1&loop=1&playlist=KlBnLGew1Gk",
        "budget": 110000000,
        "revenue": 402656846,
        "runtime": 122,
        "homepage": "https://www.sonicthehedgehogmovie.com",
        "genres": [
            12,
            28,
            35,
            10751
        ],
        "production_companies": [
            4,
            333,
            10644,
            77884,
            113750
        ],
        "movie_like_users": [],
        "movie_dislike_users": [],
        "actor": [
            206,
            11006,
            17605,
            50266,
            110742,
            115974,
            208677,
            222121,
            1212864,
            1546282
        ]
    }
},
{
    "model": "movies.movie",
    "pk": 107,
    "fields": {
        "movie_id": 988233,
        "title": "Hex",
        "release_date": "2022-11-01",
        "popularity": 161.601,
        "vote_count": 68,
        "vote_average": 5.978,
        "overview": "Following a mysterious disappearance on a jump, a group of skydivers experiences paranormal occurrences that leave them fighting for their lives.",
        "backdrop_path_original": "https://image.tmdb.org/t/p/original//90ZZIoWQLLEXSVm0ik3eEQBinul.jpg",
        "poster_path_original": "https://image.tmdb.org/t/p/original//mFukGiFZaVYoXIR8nrE95LlfbHG.jpg",
        "trailerUrl": "https://www.youtube.com/embed/FJsEtCV2dMM?autoplay=1&mute=1&loop=1&playlist=FJsEtCV2dMM",
        "budget": 0,
        "revenue": 0,
        "runtime": 88,
        "homepage": "",
        "genres": [
            27,
            28,
            53
        ],
        "production_companies": [
            177201
        ],
        "movie_like_users": [],
        "movie_dislike_users": [],
        "actor": []
    }
},
{
    "model": "movies.movie",
    "pk": 108,
    "fields": {
        "movie_id": 650270,
        "title": "Ryoma! The Prince of Tennis",
        "release_date": "2021-11-11",
        "popularity": 172.4,
        "vote_count": 4,
        "vote_average": 5.0,
        "overview": "Inspired by his tennis champion father, Ryoma is determined to take his game to the next level and train in the US. But in the middle of an intense tennis battle to save his classmate Sakuno from dangerous villains, they somehow find themselves transported back to the past, just as Ryoma’s father is about to undertake his final championship match at the US Open – when he was mysteriously forced to retire.",
        "backdrop_path_original": "https://image.tmdb.org/t/p/original//cvOpdYUIk3elPdOk7Y5esBzKeM.jpg",
        "poster_path_original": "https://image.tmdb.org/t/p/original//c2vONcT7dvhwtyhPbighDLWpZHJ.jpg",
        "trailerUrl": "https://www.youtube.com/embed/cQkLe1UgDbU?autoplay=1&mute=1&loop=1&playlist=cQkLe1UgDbU",
        "budget": 0,
        "revenue": 0,
        "runtime": 100,
        "homepage": "https://www.princeoftennismovie.com/",
        "genres": [
            16,
            35
        ],
        "production_companies": [
            84048,
            110539,
            193480
        ],
        "movie_like_users": [],
        "movie_dislike_users": [],
        "actor": [
            89878,
            144655,
            215121,
            216330,
            228234
        ]
    }
},
{
    "model": "movies.movie",
    "pk": 109,
    "fields": {
        "movie_id": 1041513,
        "title": "Encanto at the Hollywood Bowl",
        "release_date": "2022-12-28",
        "popularity": 165.545,
        "vote_count": 135,
        "vote_average": 7.141,
        "overview": "A taped performance of the Encanto Live-to-Film Concert Experience at the Hollywood Bowl. The original cast puts on a miracle of a concert as they sing the favorite songs, accompanied by a full orchestra and 50 person ensemble, and the Hollywood Bowl transforms into Casita!",
        "backdrop_path_original": "https://image.tmdb.org/t/p/original//tU3mnpFLOAp2Ia6vHvGIw8ewJQb.jpg",
        "poster_path_original": "https://image.tmdb.org/t/p/original//sa3Ku5yNVjp8NloWxJoI9dQjvOi.jpg",
        "trailerUrl": "https://www.youtube.com/embed/_JzBbU4-5Aw?autoplay=1&mute=1&loop=1&playlist=_JzBbU4-5Aw",
        "budget": 0,
        "revenue": 0,
        "runtime": 45,
        "homepage": "",
        "genres": [
            10402
        ],
        "production_companies": [
            5505,
            81368,
            147858,
            185119
        ],
        "movie_like_users": [],
        "movie_dislike_users": [],
        "actor": [
            968367,
            1179651,
            1489764,
            3150233
        ]
    }
},
{
    "model": "movies.movie",
    "pk": 110,
    "fields": {
        "movie_id": 774752,
        "title": "The Guardians of the Galaxy Holiday Special",
        "release_date": "2022-11-25",
        "popularity": 171.382,
        "vote_count": 1392,
        "vote_average": 7.262,
        "overview": "On a mission to make Christmas unforgettable for Quill, the Guardians head to Earth in search of the perfect present.",
        "backdrop_path_original": "https://image.tmdb.org/t/p/original//nJbWAc8wakV3BncyF4643SyFWPr.jpg",
        "poster_path_original": "https://image.tmdb.org/t/p/original//8dqXyslZ2hv49Oiob9UjlGSHSTR.jpg",
        "trailerUrl": "https://www.youtube.com/embed/Dr3fpmRnokc?autoplay=1&mute=1&loop=1&playlist=Dr3fpmRnokc",
        "budget": 0,
        "revenue": 0,
        "runtime": 45,
        "homepage": "https://www.disneyplus.com/movies/the-guardians-of-the-galaxy-holiday-special/5HUc4iuAVplq",
        "genres": [
            12,
            35,
            878
        ],
        "production_companies": [
            420,
            94218,
            176762
        ],
        "movie_like_users": [],
        "movie_dislike_users": [],
        "actor": [
            12835,
            51329,
            51663,
            73457,
            139820,
            543261,
            543530
        ]
    }
},
{
    "model": "movies.movie",
    "pk": 111,
    "fields": {
        "movie_id": 453395,
        "title": "Doctor Strange in the Multiverse of Madness",
        "release_date": "2022-05-04",
        "popularity": 181.117,
        "vote_count": 7443,
        "vote_average": 7.377,
        "overview": "Doctor Strange, with the help of mystical allies both old and new, traverses the mind-bending and dangerous alternate realities of the Multiverse to confront a mysterious new adversary.",
        "backdrop_path_original": "https://image.tmdb.org/t/p/original//iKUwhA4DUxMcNKu5lLSbDFwwilk.jpg",
        "poster_path_original": "https://image.tmdb.org/t/p/original//9Gtg2DzBhmYamXBS1hKAhiwbBKS.jpg",
        "trailerUrl": "https://www.youtube.com/embed/7GQjuLqVabM?autoplay=1&mute=1&loop=1&playlist=7GQjuLqVabM",
        "budget": 200000000,
        "revenue": 952224986,
        "runtime": 126,
        "homepage": "https://www.marvel.com/movies/doctor-strange-in-the-multiverse-of-madness",
        "genres": [
            12,
            14,
            28
        ],
        "production_companies": [
            420,
            176762
        ],
        "movie_like_users": [],
        "movie_dislike_users": [],
        "actor": [
            2387,
            5294,
            6885,
            11357,
            17697,
            30082,
            39459,
            53714,
            56675,
            71580,
            72873,
            550843,
            555249,
            1360281,
            1538879,
            1851642,
            1912381,
            2047847,
            2211274
        ]
    }
},
{
    "model": "movies.movie",
    "pk": 112,
    "fields": {
        "movie_id": 983282,
        "title": "The Artifice Girl",
        "release_date": "2023-04-27",
        "popularity": 125.937,
        "vote_count": 49,
        "vote_average": 6.5,
        "overview": "A team of special agents discovers a revolutionary new computer program to bait and trap online predators. After teaming up with the program's troubled developer, they soon find that the AI is rapidly advancing beyond its original purpose.",
        "backdrop_path_original": "https://image.tmdb.org/t/p/original//9j7EPYAaS2Pa3bry7Yrkq64ToLf.jpg",
        "poster_path_original": "https://image.tmdb.org/t/p/original//A3qrVjsBd4IZ3QWHMs2x1dwRxuX.jpg",
        "trailerUrl": "https://www.youtube.com/embed/uwur0W5PpXE?autoplay=1&mute=1&loop=1&playlist=uwur0W5PpXE",
        "budget": 0,
        "revenue": 0,
        "runtime": 93,
        "homepage": "",
        "genres": [
            18,
            53,
            878
        ],
        "production_companies": [
            7539,
            89269,
            197256
        ],
        "movie_like_users": [],
        "movie_dislike_users": [],
        "actor": []
    }
},
{
    "model": "movies.movie",
    "pk": 113,
    "fields": {
        "movie_id": 1003579,
        "title": "Batman: The Doom That Came to Gotham",
        "release_date": "2023-03-10",
        "popularity": 198.033,
        "vote_count": 89,
        "vote_average": 6.573,
        "overview": "Explorer Bruce Wayne accidentally unleashes an ancient evil, and returns to Gotham after being away for two decades. There, Batman battles Lovecraftian supernatural forces and encounters allies and enemies such as Green Arrow, Ra's al Ghul, Mr. Freeze, Killer Croc, Two-Face and James Gordon.",
        "backdrop_path_original": "https://image.tmdb.org/t/p/original//7eccX0xay9pDj6ZQvU4cu3whw18.jpg",
        "poster_path_original": "https://image.tmdb.org/t/p/original//hrATQE8ScQceohwInaMluluNEaf.jpg",
        "trailerUrl": "https://www.youtube.com/embed/zDHRvg7ndMk?autoplay=1&mute=1&loop=1&playlist=zDHRvg7ndMk",
        "budget": 0,
        "revenue": 0,
        "runtime": 86,
        "homepage": "",
        "genres": [
            14,
            16,
            27,
            28,
            9648
        ],
        "production_companies": [
            2785,
            9993,
            14772
        ],
        "movie_like_users": [],
        "movie_dislike_users": [],
        "actor": [
            31531,
            58791,
            103330,
            111923,
            206757
        ]
    }
},
{
    "model": "movies.movie",
    "pk": 114,
    "fields": {
        "movie_id": 118340,
        "title": "Guardians of the Galaxy",
        "release_date": "2014-07-30",
        "popularity": 166.77,
        "vote_count": 26026,
        "vote_average": 7.904,
        "overview": "Light years from Earth, 26 years after being abducted, Peter Quill finds himself the prime target of a manhunt after discovering an orb wanted by Ronan the Accuser.",
        "backdrop_path_original": "https://image.tmdb.org/t/p/original//uLtVbjvS1O7gXL8lUOwsFOH4man.jpg",
        "poster_path_original": "https://image.tmdb.org/t/p/original//r7vmZjiyZw9rpJMQJdXpjgiCOk9.jpg",
        "trailerUrl": "https://www.youtube.com/embed/fQ8_nyXQYu8?autoplay=1&mute=1&loop=1&playlist=fQ8_nyXQYu8",
        "budget": 170000000,
        "revenue": 772776600,
        "runtime": 121,
        "homepage": "http://marvel.com/guardians",
        "genres": [
            12,
            28,
            878
        ],
        "production_companies": [
            420
        ],
        "movie_like_users": [],
        "movie_dislike_users": [],
        "actor": [
            515,
            938,
            1121,
            4764,
            8399,
            8691,
            11115,
            12132,
            12835,
            51329,
            51663,
            72095,
            73457,
            209578,
            543261,
            543530
        ]
    }
},
{
    "model": "movies.movie",
    "pk": 115,
    "fields": {
        "movie_id": 846433,
        "title": "The Enforcer",
        "release_date": "2022-09-22",
        "popularity": 195.971,
        "vote_count": 307,
        "vote_average": 7.36,
        "overview": "A noir thriller set in Miami, the film follows an enforcer who discovers his femme fatale boss has branched out into cyber sex trafficking, putting a young runaway he’s befriended at risk. He sacrifices everything to save the young girl from the deadly organization he’s spent his life building.",
        "backdrop_path_original": "https://image.tmdb.org/t/p/original//Aqldsq65Nj1KAkQD2MzkZsAk5N5.jpg",
        "poster_path_original": "https://image.tmdb.org/t/p/original//pXC8JJbfnRWtbD8i2yKFqqWEO4X.jpg",
        "trailerUrl": "https://www.youtube.com/embed/YWogZytm1OU?autoplay=1&mute=1&loop=1&playlist=YWogZytm1OU",
        "budget": 1261569,
        "revenue": 0,
        "runtime": 91,
        "homepage": "",
        "genres": [
            18,
            28,
            53,
            80
        ],
        "production_companies": [
            1020,
            104311,
            183180
        ],
        "movie_like_users": [],
        "movie_dislike_users": [],
        "actor": [
            3131,
            7517
        ]
    }
},
{
    "model": "movies.movie",
    "pk": 116,
    "fields": {
        "movie_id": 566525,
        "title": "Shang-Chi and the Legend of the Ten Rings",
        "release_date": "2021-09-01",
        "popularity": 173.125,
        "vote_count": 8073,
        "vote_average": 7.613,
        "overview": "Shang-Chi must confront the past he thought he left behind when he is drawn into the web of the mysterious Ten Rings organization.",
        "backdrop_path_original": "https://image.tmdb.org/t/p/original//zxWAv1A34kdYslBi4ekMDtgIGUt.jpg",
        "poster_path_original": "https://image.tmdb.org/t/p/original//d08HqqeBQSwN8i8MEvpsZ8Cb438.jpg",
        "trailerUrl": "https://www.youtube.com/embed/kpsIu6goKGg?autoplay=1&mute=1&loop=1&playlist=kpsIu6goKGg",
        "budget": 150000000,
        "revenue": 432243292,
        "runtime": 132,
        "homepage": "https://www.marvel.com/movies/shang-chi-and-the-legend-of-the-ten-rings",
        "genres": [
            12,
            14,
            28
        ],
        "production_companies": [
            420
        ],
        "movie_like_users": [],
        "movie_dislike_users": [],
        "actor": [
            1337,
            1620,
            2282,
            30082,
            57609,
            123701,
            1068877,
            1489211,
            1625558,
            1998541,
            2979464
        ]
    }
},
{
    "model": "movies.movie",
    "pk": 117,
    "fields": {
        "movie_id": 1077280,
        "title": "Die Hart",
        "release_date": "2023-02-22",
        "popularity": 159.444,
        "vote_count": 292,
        "vote_average": 6.1,
        "overview": "Kevin Hart - playing a version of himself - is on a death-defying quest to become an action star. And with a little help from John Travolta, Nathalie Emmanuel, and Josh Hartnett - he just might pull it off.",
        "backdrop_path_original": "https://image.tmdb.org/t/p/original//pxJbfnMIQQxCrdeLD0zQnWr6ouL.jpg",
        "poster_path_original": "https://image.tmdb.org/t/p/original//1EnBjTJ5utgT1OXYBZ8YwByRCzP.jpg",
        "trailerUrl": "https://www.youtube.com/embed/pGNv5-dyRKA?autoplay=1&mute=1&loop=1&playlist=pGNv5-dyRKA",
        "budget": 0,
        "revenue": 0,
        "runtime": 85,
        "homepage": "https://www.amazon.com/dp/B0B6B6B9RY/",
        "genres": [
            28,
            35,
            53
        ],
        "production_companies": [
            40268
        ],
        "movie_like_users": [],
        "movie_dislike_users": [],
        "actor": [
            1003,
            2299,
            8891,
            55638,
            1251069
        ]
    }
},
{
    "model": "movies.movie",
    "pk": 118,
    "fields": {
        "movie_id": 668482,
        "title": "Roald Dahl's Matilda the Musical",
        "release_date": "2022-11-25",
        "popularity": 160.003,
        "vote_count": 572,
        "vote_average": 6.802,
        "overview": "An extraordinary young girl discovers her superpower and summons the remarkable courage, against all odds, to help others change their stories, whilst also taking charge of her own destiny. Standing up for what's right, she's met with miraculous results.",
        "backdrop_path_original": "https://image.tmdb.org/t/p/original//nWs0auTqn2UaFGfTKtUE5tlTeBu.jpg",
        "poster_path_original": "https://image.tmdb.org/t/p/original//ga8R3OiOMMgSvZ4cOj8x7prUNYZ.jpg",
        "trailerUrl": "https://www.youtube.com/embed/v81ojopkDc4?autoplay=1&mute=1&loop=1&playlist=v81ojopkDc4",
        "budget": 25000000,
        "revenue": 13276499,
        "runtime": 117,
        "homepage": "https://www.sonypictures.co.uk/movies/roald-dahls-matilda-musical",
        "genres": [
            14,
            35,
            10751
        ],
        "production_companies": [
            10163,
            146885
        ],
        "movie_like_users": [],
        "movie_dislike_users": [],
        "actor": [
            1115,
            7056,
            127558,
            1360281,
            1785478,
            2442117
        ]
    }
},
{
    "model": "movies.movie",
    "pk": 119,
    "fields": {
        "movie_id": 697843,
        "title": "Extraction 2",
        "release_date": "2023-06-09",
        "popularity": 142.644,
        "vote_count": 0,
        "vote_average": 0.0,
        "overview": "Tasked with extracting a family who is at the mercy of a Georgian gangster, Tyler Rake infiltrates one of the world's deadliest prisons in order to save them. But when the extraction gets hot, and the gangster dies in the heat of battle, his equally ruthless brother tracks down Rake and his team to Sydney, in order to get revenge.",
        "backdrop_path_original": "https://image.tmdb.org/t/p/original//wYYVBBK3O8sb7J4WxkRx1bI7Q8c.jpg",
        "poster_path_original": "https://image.tmdb.org/t/p/original//qgnX4UbqvI8p1sAQFccrzcgrSBC.jpg",
        "trailerUrl": "https://www.youtube.com/embed/Y274jZs5s7s?autoplay=1&mute=1&loop=1&playlist=Y274jZs5s7s",
        "budget": 0,
        "revenue": 0,
        "runtime": 123,
        "homepage": "https://www.netflix.com/title/81098494",
        "genres": [
            28,
            53
        ],
        "production_companies": [
            106544
        ],
        "movie_like_users": [],
        "movie_dislike_users": [],
        "actor": [
            74568,
            229932,
            2298804
        ]
    }
},
{
    "model": "movies.movie",
    "pk": 120,
    "fields": {
        "movie_id": 882598,
        "title": "Smile",
        "release_date": "2022-09-23",
        "popularity": 139.413,
        "vote_count": 2027,
        "vote_average": 6.766,
        "overview": "After witnessing a bizarre, traumatic incident involving a patient, Dr. Rose Cotter starts experiencing frightening occurrences that she can't explain. As an overwhelming terror begins taking over her life, Rose must confront her troubling past in order to survive and escape her horrifying new reality.",
        "backdrop_path_original": "https://image.tmdb.org/t/p/original//kMZIMqEXO5MFd5Y1Ha2jZZF4pvF.jpg",
        "poster_path_original": "https://image.tmdb.org/t/p/original//aPqcQwu4VGEewPhagWNncDbJ9Xp.jpg",
        "trailerUrl": "https://www.youtube.com/embed/1aNyNI6P0U4?autoplay=1&mute=1&loop=1&playlist=1aNyNI6P0U4",
        "budget": 17000000,
        "revenue": 216135048,
        "runtime": 115,
        "homepage": "https://www.smile.movie/",
        "genres": [
            27,
            53,
            9648
        ],
        "production_companies": [
            12292,
            96540
        ],
        "movie_like_users": [],
        "movie_dislike_users": [],
        "actor": [
            53493,
            59219,
            79087,
            145245,
            159657,
            198847,
            212766,
            1281250,
            1396124
        ]
    }
},
{
    "model": "movies.movie",
    "pk": 121,
    "fields": {
        "movie_id": 842544,
        "title": "Transfusion",
        "release_date": "2023-01-05",
        "popularity": 189.509,
        "vote_count": 165,
        "vote_average": 6.3,
        "overview": "Ryan Logan, a former Special Forces operative, is battling to cope with life after the loss of his wife.  He is thrusted into the criminal underworld to keep his only son from being taken from him.",
        "backdrop_path_original": "https://image.tmdb.org/t/p/original//a4I481szRmycyreQTLrRe4f4YJe.jpg",
        "poster_path_original": "https://image.tmdb.org/t/p/original//bxh5xCCW9Ynfg6EZJWUkc1zqTnr.jpg",
        "trailerUrl": "https://www.youtube.com/embed/pA6CGAwVq-Q?autoplay=1&mute=1&loop=1&playlist=pA6CGAwVq-Q",
        "budget": 0,
        "revenue": 0,
        "runtime": 105,
        "homepage": "",
        "genres": [
            80
        ],
        "production_companies": [
            290,
            21592,
            74346,
            126370,
            156075
        ],
        "movie_like_users": [],
        "movie_dislike_users": [],
        "actor": [
            65731,
            123879,
            145247
        ]
    }
},
{
    "model": "movies.movie",
    "pk": 122,
    "fields": {
        "movie_id": 551271,
        "title": "Medieval",
        "release_date": "2022-09-08",
        "popularity": 148.904,
        "vote_count": 378,
        "vote_average": 7.153,
        "overview": "The story of 14th century Czech icon and warlord Jan Zizka who defeated armies of the Teutonic Order and the Holy Roman Empire.",
        "backdrop_path_original": "https://image.tmdb.org/t/p/original//maxRhndtC4BJABvqRPvYNu69CHA.jpg",
        "poster_path_original": "https://image.tmdb.org/t/p/original//eeUNWsdoiOijOZAMaWFDA5Pb1n8.jpg",
        "trailerUrl": "https://www.youtube.com/embed/zLU-FHARqQE?autoplay=1&mute=1&loop=1&playlist=zLU-FHARqQE",
        "budget": 23000000,
        "revenue": 4311284,
        "runtime": 126,
        "homepage": "https://theavenue.film/movies/medieval",
        "genres": [
            18,
            28,
            36
        ],
        "production_companies": [
            39488,
            55956
        ],
        "movie_like_users": [],
        "movie_dislike_users": [],
        "actor": [
            1247,
            1844,
            3895,
            5528,
            10841,
            10849,
            11107,
            11685,
            19895,
            39849,
            103994,
            136811,
            141876,
            231666,
            929608,
            1928965
        ]
    }
},
{
    "model": "movies.movie",
    "pk": 123,
    "fields": {
        "movie_id": 414906,
        "title": "The Batman",
        "release_date": "2022-03-01",
        "popularity": 164.877,
        "vote_count": 7966,
        "vote_average": 7.709,
        "overview": "In his second year of fighting crime, Batman uncovers corruption in Gotham City that connects to his own family while facing a serial killer known as the Riddler.",
        "backdrop_path_original": "https://image.tmdb.org/t/p/original//xHrp2pq73oi9D64xigPjWW1wcz1.jpg",
        "poster_path_original": "https://image.tmdb.org/t/p/original//74xTEgt7R36Fpooo50r9T25onhq.jpg",
        "trailerUrl": "https://www.youtube.com/embed/KaisICqYXeY?autoplay=1&mute=1&loop=1&playlist=KaisICqYXeY",
        "budget": 185000000,
        "revenue": 770945583,
        "runtime": 177,
        "homepage": "https://www.thebatman.com",
        "genres": [
            53,
            80,
            9648
        ],
        "production_companies": [
            174,
            101405,
            119245,
            128064
        ],
        "movie_like_users": [],
        "movie_dislike_users": [],
        "actor": [
            133,
            1241,
            1333,
            2954,
            11288,
            17142,
            37153,
            72466,
            2455272
        ]
    }
},
{
    "model": "movies.movie",
    "pk": 124,
    "fields": {
        "movie_id": 776835,
        "title": "The Magician's Elephant",
        "release_date": "2023-03-10",
        "popularity": 152.414,
        "vote_count": 124,
        "vote_average": 7.173,
        "overview": "Peter is searching for his long-lost sister when he crosses paths with a fortune teller in the market square. His one one question is: is his sister still alive? The answer, that he must find a mysterious elephant and the magician who will conjure it, sets Peter off on a journey to complete three seemingly impossible tasks that will change the face of his town forever.",
        "backdrop_path_original": "https://image.tmdb.org/t/p/original//gNOyIDGW8YY6AYbz6nMvrVSHSXs.jpg",
        "poster_path_original": "https://image.tmdb.org/t/p/original//cAoAgzOCxSytYBqqCQulhXNR3LB.jpg",
        "trailerUrl": "https://www.youtube.com/embed/JvNuYOR7b4w?autoplay=1&mute=1&loop=1&playlist=JvNuYOR7b4w",
        "budget": 0,
        "revenue": 0,
        "runtime": 99,
        "homepage": "",
        "genres": [
            12,
            14,
            16,
            10751
        ],
        "production_companies": [
            79,
            8089,
            171251,
            193620
        ],
        "movie_like_users": [],
        "movie_dislike_users": [],
        "actor": [
            25503,
            226366,
            1590759
        ]
    }
},
{
    "model": "movies.movie",
    "pk": 125,
    "fields": {
        "movie_id": 9453,
        "title": "Caligula",
        "release_date": "1979-08-14",
        "popularity": 144.195,
        "vote_count": 668,
        "vote_average": 5.985,
        "overview": "The perversion behind imperial Rome, the epic story of Rome's mad Emporer. All the details of his cruel, bizarre reign are revealed right here: His unholy sexual passion for his sister, his marriage to Rome's most infamous prostitute, his fiendishly inventive means of disposing those who would oppose him, and more.",
        "backdrop_path_original": "https://image.tmdb.org/t/p/original//6UDep1cxHQqrNFhSW4ZNQLW3Alr.jpg",
        "poster_path_original": "https://image.tmdb.org/t/p/original//4N4l873TVreuaR4FVpvaL2gfQ0N.jpg",
        "trailerUrl": "https://www.youtube.com/embed/9BiQ_4Bflvg?autoplay=1&mute=1&loop=1&playlist=9BiQ_4Bflvg",
        "budget": 17500000,
        "revenue": 23438120,
        "runtime": 156,
        "homepage": "",
        "genres": [
            18,
            36,
            10749
        ],
        "production_companies": [
            12872,
            12873
        ],
        "movie_like_users": [],
        "movie_dislike_users": [],
        "actor": [
            11390,
            11857,
            27388,
            56890,
            58026,
            1071993
        ]
    }
},
{
    "model": "movies.movie",
    "pk": 126,
    "fields": {
        "movie_id": 829560,
        "title": "The Next 365 Days",
        "release_date": "2022-08-19",
        "popularity": 160.431,
        "vote_count": 740,
        "vote_average": 6.466,
        "overview": "Laura and Massimo's relationship hangs in the balance as they try to overcome trust issues while a tenacious Nacho works to push them apart.",
        "backdrop_path_original": "https://image.tmdb.org/t/p/original//6cpRpfD3isvluFwXDGSiDVyibPJ.jpg",
        "poster_path_original": "https://image.tmdb.org/t/p/original//6FsGeIp7heHm5eh4tIxTzHIRxmt.jpg",
        "trailerUrl": "https://www.youtube.com/embed/iXdw5wYI4cY?autoplay=1&mute=1&loop=1&playlist=iXdw5wYI4cY",
        "budget": 0,
        "revenue": 0,
        "runtime": 112,
        "homepage": "https://www.netflix.com/title/81397579",
        "genres": [
            18,
            10749
        ],
        "production_companies": [
            5622,
            46346,
            113069,
            135466
        ],
        "movie_like_users": [],
        "movie_dislike_users": [],
        "actor": [
            259737,
            275949,
            1573532,
            1616974,
            1637039,
            2298697,
            2349355,
            2511949,
            3090060
        ]
    }
},
{
    "model": "movies.movie",
    "pk": 127,
    "fields": {
        "movie_id": 411,
        "title": "The Chronicles of Narnia: The Lion, the Witch and the Wardrobe",
        "release_date": "2005-12-07",
        "popularity": 180.305,
        "vote_count": 9536,
        "vote_average": 7.119,
        "overview": "Siblings Lucy, Edmund, Susan and Peter step through a magical wardrobe and find the land of Narnia. There, they discover a charming, once peaceful kingdom that has been plunged into eternal winter by the evil White Witch, Jadis. Aided by the wise and magnificent lion, Aslan, the children lead Narnia into a spectacular, climactic battle to be free of the Witch's glacial powers forever.",
        "backdrop_path_original": "https://image.tmdb.org/t/p/original//9iRRfMZbnpgHDdKi2lczGGYZXDo.jpg",
        "poster_path_original": "https://image.tmdb.org/t/p/original//iREd0rNCjYdf5Ar0vfaW32yrkm.jpg",
        "trailerUrl": "https://www.youtube.com/embed/3mKPrxjwF7A?autoplay=1&mute=1&loop=1&playlist=3mKPrxjwF7A",
        "budget": 180000000,
        "revenue": 745013115,
        "runtime": 143,
        "homepage": "",
        "genres": [
            12,
            14,
            10751
        ],
        "production_companies": [
            2,
            10221,
            79503
        ],
        "movie_like_users": [],
        "movie_dislike_users": [],
        "actor": [
            388,
            2467,
            3063,
            5526,
            5527,
            5528,
            5529,
            5530,
            5531
        ]
    }
},
{
    "model": "movies.movie",
    "pk": 128,
    "fields": {
        "movie_id": 19995,
        "title": "Avatar",
        "release_date": "2009-12-15",
        "popularity": 183.476,
        "vote_count": 29101,
        "vote_average": 7.569,
        "overview": "In the 22nd century, a paraplegic Marine is dispatched to the moon Pandora on a unique mission, but becomes torn between following orders and protecting an alien civilization.",
        "backdrop_path_original": "https://image.tmdb.org/t/p/original//chauy3iJaZtrMbTr72rgNmOZwo3.jpg",
        "poster_path_original": "https://image.tmdb.org/t/p/original//jRXYjXNq0Cs2TcJjLkki24MLp7u.jpg",
        "trailerUrl": "https://www.youtube.com/embed/LgZ2MDuJvhc?autoplay=1&mute=1&loop=1&playlist=LgZ2MDuJvhc",
        "budget": 237000000,
        "revenue": 2923706026,
        "runtime": 162,
        "homepage": "https://www.avatar.com/movies/avatar",
        "genres": [
            12,
            14,
            28,
            878
        ],
        "production_companies": [
            25,
            290,
            444,
            574
        ],
        "movie_like_users": [],
        "movie_dislike_users": [],
        "actor": [
            1771,
            8691,
            10205,
            10964,
            15853,
            17647,
            30485,
            32747,
            59231,
            65731,
            95697,
            98215,
            154153
        ]
    }
},
{
    "model": "movies.movie",
    "pk": 129,
    "fields": {
        "movie_id": 299536,
        "title": "Avengers: Infinity War",
        "release_date": "2018-04-25",
        "popularity": 192.269,
        "vote_count": 26905,
        "vote_average": 8.262,
        "overview": "As the Avengers and their allies have continued to protect the world from threats too large for any one hero to handle, a new danger has emerged from the cosmic shadows: Thanos. A despot of intergalactic infamy, his goal is to collect all six Infinity Stones, artifacts of unimaginable power, and use them to inflict his twisted will on all of reality. Everything the Avengers have fought for has led up to this moment - the fate of Earth and existence itself has never been more uncertain.",
        "backdrop_path_original": "https://image.tmdb.org/t/p/original//mDfJG3LC3Dqb67AZ52x3Z0jU0uB.jpg",
        "poster_path_original": "https://image.tmdb.org/t/p/original//7WsyChQLEftFiDOVTGkv3hFpyyt.jpg",
        "trailerUrl": "https://www.youtube.com/embed/_XkUdr0EDwk?autoplay=1&mute=1&loop=1&playlist=_XkUdr0EDwk",
        "budget": 300000000,
        "revenue": 2046239637,
        "runtime": 149,
        "homepage": "https://www.marvel.com/movies/avengers-infinity-war",
        "genres": [
            12,
            28,
            878
        ],
        "production_companies": [
            420
        ],
        "movie_like_users": [],
        "movie_dislike_users": [],
        "actor": [
            103,
            227,
            1121,
            1245,
            1896,
            3223,
            6162,
            8691,
            12052,
            12835,
            16828,
            16851,
            17605,
            22970,
            29240,
            30082,
            51329,
            51663,
            53650,
            60898,
            62105,
            71580,
            73457,
            74568,
            82104,
            91606,
            102744,
            139820,
            139900,
            172069,
            211937,
            212003,
            236696,
            543261,
            543530,
            550843,
            555249,
            1083010,
            1136406,
            1308445,
            1379821,
            1447932,
            1448180,
            1517836,
            1649152,
            1767250
        ]
    }
},
{
    "model": "movies.movie",
    "pk": 130,
    "fields": {
        "movie_id": 575322,
        "title": "Project Gemini",
        "release_date": "2022-01-06",
        "popularity": 180.317,
        "vote_count": 325,
        "vote_average": 5.789,
        "overview": "After depleting Earth's resources for centuries, humankind's survival requires an exodus to outer space. An international expedition is quickly formed to find a suitable new planet, but when plans go awry, the crew is suddenly stranded without power on a strange planet, where something unimaginable lies in wait.",
        "backdrop_path_original": "https://image.tmdb.org/t/p/original//etP5jwlwvkNhwe7jnI2AyA6ZKrR.jpg",
        "poster_path_original": "https://image.tmdb.org/t/p/original//rFljUdOozFEv6HDHIFpFvcYW0ec.jpg",
        "trailerUrl": "https://www.youtube.com/embed/IDnECGvaLfU?autoplay=1&mute=1&loop=1&playlist=IDnECGvaLfU",
        "budget": 0,
        "revenue": 0,
        "runtime": 98,
        "homepage": "",
        "genres": [
            27,
            878
        ],
        "production_companies": [
            188974
        ],
        "movie_like_users": [],
        "movie_dislike_users": [],
        "actor": [
            1265148,
            1280426,
            1556643,
            2019334,
            2075426
        ]
    }
},
{
    "model": "movies.movie",
    "pk": 131,
    "fields": {
        "movie_id": 947938,
        "title": "Dolphin Boy",
        "release_date": "2022-04-07",
        "popularity": 140.223,
        "vote_count": 57,
        "vote_average": 6.474,
        "overview": "When a plane crashes at sea, dolphins rescue a little boy and raise him as family. He lives a carefree life beneath the waves until an evil monster seizes power over the underwater world. The boy is banished to dry land, where a kind-hearted captain takes him in. With the captain’s help, the boy sets out on a journey to solve the mystery of his true identity.",
        "backdrop_path_original": "https://image.tmdb.org/t/p/original//vXjpwkXPirBmgdEpIknfN8ziDD.jpg",
        "poster_path_original": "https://image.tmdb.org/t/p/original//AcBgfBhdhvv5aKQP7iE8QsxFWBV.jpg",
        "trailerUrl": "https://www.youtube.com/embed/w4GvDKbjbSk?autoplay=1&mute=1&loop=1&playlist=w4GvDKbjbSk",
        "budget": 0,
        "revenue": 0,
        "runtime": 90,
        "homepage": "",
        "genres": [
            12,
            14,
            16,
            35
        ],
        "production_companies": [
            171326
        ],
        "movie_like_users": [],
        "movie_dislike_users": [],
        "actor": []
    }
},
{
    "model": "movies.movie",
    "pk": 132,
    "fields": {
        "movie_id": 1026563,
        "title": "13 Exorcisms",
        "release_date": "2022-11-04",
        "popularity": 122.523,
        "vote_count": 72,
        "vote_average": 5.59,
        "overview": "After participating in a séance, young Laura begins to behave strangely. Alarmed, her parents ask Father Olmedo, one of the few exorcists authorized by the Vatican to intervene in cases of demonic possession, for help.",
        "backdrop_path_original": "https://image.tmdb.org/t/p/original//rvFeNpYimvtEEZgkhiBfXJA5oTf.jpg",
        "poster_path_original": "https://image.tmdb.org/t/p/original//kdaEAPrT3Dq7pPjdhfTgNyMeOnK.jpg",
        "trailerUrl": "https://www.youtube.com/embed/ucudqYg5OdQ?autoplay=1&mute=1&loop=1&playlist=ucudqYg5OdQ",
        "budget": 0,
        "revenue": 1891519,
        "runtime": 104,
        "homepage": "",
        "genres": [
            18,
            27
        ],
        "production_companies": [
            27628,
            29566,
            67412,
            126568
        ],
        "movie_like_users": [],
        "movie_dislike_users": [],
        "actor": [
            79288,
            2545932
        ]
    }
},
{
    "model": "movies.movie",
    "pk": 133,
    "fields": {
        "movie_id": 676841,
        "title": "Unhappily Ever After",
        "release_date": "2023-01-26",
        "popularity": 117.471,
        "vote_count": 142,
        "vote_average": 6.958,
        "overview": "María José and Alfredo are about to celebrate their 20th anniversary and their children give them a trip to the hotel where they celebrated their honeymoon, but a spell will make them repeat the same day.",
        "backdrop_path_original": "https://image.tmdb.org/t/p/original//9EIUIgBYzGra7Xxemgs8JB049si.jpg",
        "poster_path_original": "https://image.tmdb.org/t/p/original//qiAM7Y8xF8wJDDsjeSuLgzyFGmd.jpg",
        "trailerUrl": "https://www.youtube.com/embed/F7YdtowVLtk?autoplay=1&mute=1&loop=1&playlist=F7YdtowVLtk",
        "budget": 0,
        "revenue": 0,
        "runtime": 90,
        "homepage": "",
        "genres": [
            35,
            10749
        ],
        "production_companies": [
            133294
        ],
        "movie_like_users": [],
        "movie_dislike_users": [],
        "actor": [
            970623,
            1251056
        ]
    }
},
{
    "model": "movies.movie",
    "pk": 134,
    "fields": {
        "movie_id": 899112,
        "title": "Violent Night",
        "release_date": "2022-11-30",
        "popularity": 140.544,
        "vote_count": 1422,
        "vote_average": 7.531,
        "overview": "When a team of mercenaries breaks into a wealthy family compound on Christmas Eve, taking everyone inside hostage, the team isn’t prepared for a surprise combatant: Santa Claus is on the grounds, and he’s about to show why this Nick is no saint.",
        "backdrop_path_original": "https://image.tmdb.org/t/p/original//sBOenwOZGRN5nZZGw4TxwtnfrEf.jpg",
        "poster_path_original": "https://image.tmdb.org/t/p/original//1XSYOP0JjjyMz1irihvWywro82r.jpg",
        "trailerUrl": "https://www.youtube.com/embed/5VwDxVq13l0?autoplay=1&mute=1&loop=1&playlist=5VwDxVq13l0",
        "budget": 20000000,
        "revenue": 75734910,
        "runtime": 112,
        "homepage": "https://www.violentnightmovie.com",
        "genres": [
            28,
            35,
            53,
            80
        ],
        "production_companies": [
            33,
            121470
        ],
        "movie_like_users": [],
        "movie_dislike_users": [],
        "actor": [
            821,
            5723,
            35029,
            178634
        ]
    }
},
{
    "model": "movies.movie",
    "pk": 135,
    "fields": {
        "movie_id": 585511,
        "title": "Luck",
        "release_date": "2022-08-05",
        "popularity": 160.013,
        "vote_count": 1280,
        "vote_average": 7.898,
        "overview": "Suddenly finding herself in the never-before-seen Land of Luck, the unluckiest person in the world must unite with the magical creatures there to turn her luck around.",
        "backdrop_path_original": "https://image.tmdb.org/t/p/original//sKvQUSyqsFq8e1ts6oo3Xp3dPH2.jpg",
        "poster_path_original": "https://image.tmdb.org/t/p/original//1HOYvwGFioUFL58UVvDRG6beEDm.jpg",
        "trailerUrl": "https://www.youtube.com/embed/OdRHb4x1TUA?autoplay=1&mute=1&loop=1&playlist=OdRHb4x1TUA",
        "budget": 0,
        "revenue": 0,
        "runtime": 105,
        "homepage": "https://tv.apple.com/movie/umc.cmc.5w6fq1u39v7ozsdv3jkx0nrfs",
        "genres": [
            12,
            14,
            16,
            35
        ],
        "production_companies": [
            115416,
            179998,
            179999
        ],
        "movie_like_users": [],
        "movie_dislike_users": [],
        "actor": [
            2395,
            6352,
            7907,
            11108,
            15761,
            26998,
            116315,
            235767,
            1471841,
            1488961,
            1684452,
            2437734
        ]
    }
},
{
    "model": "movies.movie",
    "pk": 136,
    "fields": {
        "movie_id": 937278,
        "title": "A Man Called Otto",
        "release_date": "2022-12-28",
        "popularity": 136.519,
        "vote_count": 1245,
        "vote_average": 7.886,
        "overview": "When a lively young family moves in next door, grumpy widower Otto Anderson meets his match in a quick-witted, pregnant woman named Marisol, leading to an unlikely friendship that turns his world upside down.",
        "backdrop_path_original": "https://image.tmdb.org/t/p/original//v2LilmCylr3bL9TCZSj6syjowZh.jpg",
        "poster_path_original": "https://image.tmdb.org/t/p/original//130H1gap9lFfiTF9iDrqNIkFvC9.jpg",
        "trailerUrl": "https://www.youtube.com/embed/jnYKECdx0Eo?autoplay=1&mute=1&loop=1&playlist=jnYKECdx0Eo",
        "budget": 50000000,
        "revenue": 108961677,
        "runtime": 126,
        "homepage": "https://www.amancalledotto.movie",
        "genres": [
            18,
            35
        ],
        "production_companies": [
            5,
            4171,
            6181,
            169684,
            191075
        ],
        "movie_like_users": [],
        "movie_dislike_users": [],
        "actor": [
            31,
            113373,
            1168097,
            1286537,
            1309844,
            1365769,
            3756947,
            3790695
        ]
    }
},
{
    "model": "movies.movie",
    "pk": 137,
    "fields": {
        "movie_id": 983768,
        "title": "Black Warrant",
        "release_date": "2023-01-09",
        "popularity": 122.172,
        "vote_count": 31,
        "vote_average": 5.355,
        "overview": "A semi-retired special ops assassin and a DEA agent cross paths on separate missions to stop a cyber terrorist organization that has built a dangerous machine threatening to attack the power grid and bring catastrophe to the world.",
        "backdrop_path_original": "https://image.tmdb.org/t/p/original//uNK5dHo6HJpwk1BPcDHHyvX7ZLz.jpg",
        "poster_path_original": "https://image.tmdb.org/t/p/original//A7vFFZHbDyxfjuYKzJwruTnwwjT.jpg",
        "trailerUrl": "https://www.youtube.com/embed/fm09E7p1z34?autoplay=1&mute=1&loop=1&playlist=fm09E7p1z34",
        "budget": 0,
        "revenue": 0,
        "runtime": 94,
        "homepage": "",
        "genres": [
            28,
            53
        ],
        "production_companies": [
            35625
        ],
        "movie_like_users": [],
        "movie_dislike_users": [],
        "actor": [
            13022,
            20495,
            55086,
            1807178
        ]
    }
},
{
    "model": "movies.movie",
    "pk": 138,
    "fields": {
        "movie_id": 1072074,
        "title": "Disquiet",
        "release_date": "2023-02-10",
        "popularity": 105.533,
        "vote_count": 29,
        "vote_average": 6.8,
        "overview": "After a near-fatal car accident, Sam wakes to discover he is trapped in an abandoned hospital by mysterious and sinister forces that have no intention of letting him leave…",
        "backdrop_path_original": "https://image.tmdb.org/t/p/original//ee7nLU6c9JPzxRIqR5qxDXEo3uh.jpg",
        "poster_path_original": "https://image.tmdb.org/t/p/original//fKuyTfzKMOdwQi150Zu3DVXwi7J.jpg",
        "trailerUrl": "https://www.youtube.com/embed/CQf2ylF5EnU?autoplay=1&mute=1&loop=1&playlist=CQf2ylF5EnU",
        "budget": 0,
        "revenue": 0,
        "runtime": 85,
        "homepage": "",
        "genres": [
            27,
            53,
            9648
        ],
        "production_companies": [
            3958,
            44311,
            177095
        ],
        "movie_like_users": [],
        "movie_dislike_users": [],
        "actor": [
            1244,
            26089,
            58058,
            199486,
            1850803,
            2037077
        ]
    }
},
{
    "model": "movies.movie",
    "pk": 139,
    "fields": {
        "movie_id": 653851,
        "title": "Devotion",
        "release_date": "2022-11-23",
        "popularity": 167.337,
        "vote_count": 493,
        "vote_average": 7.251,
        "overview": "The harrowing true story of two elite US Navy fighter pilots during the Korean War. Their heroic sacrifices would ultimately make them the Navy's most celebrated wingmen.",
        "backdrop_path_original": "https://image.tmdb.org/t/p/original//5pMy5LF2JAleBNBtuzizfCMWM7k.jpg",
        "poster_path_original": "https://image.tmdb.org/t/p/original//26yQPXymbWeCLKwcmyL8dRjAzth.jpg",
        "trailerUrl": "https://www.youtube.com/embed/anJqJL4rz64?autoplay=1&mute=1&loop=1&playlist=anJqJL4rz64",
        "budget": 90000000,
        "revenue": 20000000,
        "runtime": 139,
        "homepage": "https://www.devotion.movie",
        "genres": [
            18,
            28,
            10752
        ],
        "production_companies": [
            33681,
            47729
        ],
        "movie_like_users": [],
        "movie_dislike_users": [],
        "actor": [
            83271,
            85757,
            221115,
            1218218,
            1383349,
            1392534,
            1674162,
            2402107
        ]
    }
},
{
    "model": "movies.movie",
    "pk": 140,
    "fields": {
        "movie_id": 884184,
        "title": "Consecration",
        "release_date": "2023-02-09",
        "popularity": 114.953,
        "vote_count": 42,
        "vote_average": 6.429,
        "overview": "After the alleged suicide of her priest brother, Grace travels to the remote Scottish convent where he fell to his death. Distrusting the Church's account, she uncovers murder, sacrilege and a disturbing truth about herself.",
        "backdrop_path_original": "https://image.tmdb.org/t/p/original//sRfX2XPjyL7nRKVRKXVG6D0bVQI.jpg",
        "poster_path_original": "https://image.tmdb.org/t/p/original//yQTRmPzKAdLodknnPVtImm6FWPZ.jpg",
        "trailerUrl": "https://www.youtube.com/embed/HRjG65M6L2c?autoplay=1&mute=1&loop=1&playlist=HRjG65M6L2c",
        "budget": 0,
        "revenue": 0,
        "runtime": 90,
        "homepage": "",
        "genres": [
            27,
            53
        ],
        "production_companies": [
            72969,
            110799,
            162531
        ],
        "movie_like_users": [],
        "movie_dislike_users": [],
        "actor": [
            6413,
            20089
        ]
    }
},
{
    "model": "movies.movie",
    "pk": 141,
    "fields": {
        "movie_id": 81774,
        "title": "Exploits of a Young Don Juan",
        "release_date": "1986-11-04",
        "popularity": 160.733,
        "vote_count": 138,
        "vote_average": 5.685,
        "overview": "It's 1914.  Sixteen-year-old Roger returns home to spend his summer vacation.  His initial efforts are unsuccessful, but World War I breaks out and men are seen marching off to battle. Roger goes overboard when he is presented with several amorous opportunities.",
        "backdrop_path_original": "https://image.tmdb.org/t/p/original//lzbrMjEnH34DzTfllRb6XxhlaZu.jpg",
        "poster_path_original": "https://image.tmdb.org/t/p/original//xvtRgQIRegLjsjaIkKQbh0hk3Qy.jpg",
        "trailerUrl": "https://www.youtube.com/embed/EYlF9YSor80?autoplay=1&mute=1&loop=1&playlist=EYlF9YSor80",
        "budget": 0,
        "revenue": 0,
        "runtime": 100,
        "homepage": "",
        "genres": [
            18,
            35
        ],
        "production_companies": [
            7110,
            26899,
            28391,
            51304,
            51305
        ],
        "movie_like_users": [],
        "movie_dislike_users": [],
        "actor": [
            9919,
            14813,
            15482,
            29513,
            32043,
            41163,
            53425,
            115686,
            592458
        ]
    }
},
{
    "model": "movies.movie",
    "pk": 142,
    "fields": {
        "movie_id": 1087040,
        "title": "Money Shot: The Pornhub Story",
        "release_date": "2023-03-15",
        "popularity": 139.883,
        "vote_count": 203,
        "vote_average": 5.786,
        "overview": "Featuring interviews with performers, activists and past employees, this documentary offers a deep dive into the successes and scandals of Pornhub.",
        "backdrop_path_original": "https://image.tmdb.org/t/p/original//sGE6N1vJjxZLkOJEXdIOqTslxuL.jpg",
        "poster_path_original": "https://image.tmdb.org/t/p/original//kpTqWqLYcf1uErnx5VXLah4EWJZ.jpg",
        "trailerUrl": "https://www.youtube.com/embed/WTAay-4QUuY?autoplay=1&mute=1&loop=1&playlist=WTAay-4QUuY",
        "budget": 0,
        "revenue": 0,
        "runtime": 95,
        "homepage": "https://www.netflix.com/title/81406118",
        "genres": [
            99
        ],
        "production_companies": [
            2740
        ],
        "movie_like_users": [],
        "movie_dislike_users": [],
        "actor": []
    }
},
{
    "model": "movies.movie",
    "pk": 143,
    "fields": {
        "movie_id": 823999,
        "title": "Diabolik - Ginko Attacks",
        "release_date": "2022-11-17",
        "popularity": 126.924,
        "vote_count": 252,
        "vote_average": 5.929,
        "overview": "Diabolik nearly gets caught in Inspector Ginko's latest trap, leaving his partner in crime Eva Kant behind in the escape. Furious, Eva offers Ginko her help in capturing the King of Terror, but the former has to face the return of an old flame of his.",
        "backdrop_path_original": "https://image.tmdb.org/t/p/original//xnAi4BRoO3ZQ3wwxGn6UNoxQzDq.jpg",
        "poster_path_original": "https://image.tmdb.org/t/p/original//8QVbWBv94BAT9u1q9uJccwOxMzt.jpg",
        "trailerUrl": "https://www.youtube.com/embed/FptIqm9mPm4?autoplay=1&mute=1&loop=1&playlist=FptIqm9mPm4",
        "budget": 0,
        "revenue": 1228459,
        "runtime": 111,
        "homepage": "",
        "genres": [
            28,
            80
        ],
        "production_companies": [
            94370,
            123289,
            141573,
            155990
        ],
        "movie_like_users": [],
        "movie_dislike_users": [],
        "actor": [
            28782,
            56843,
            234821,
            1097436,
            1362995,
            1482131,
            1880993
        ]
    }
},
{
    "model": "movies.movie",
    "pk": 144,
    "fields": {
        "movie_id": 646385,
        "title": "Scream",
        "release_date": "2022-01-12",
        "popularity": 165.235,
        "vote_count": 2433,
        "vote_average": 6.741,
        "overview": "Twenty-five years after a streak of brutal murders shocked the quiet town of Woodsboro, a new killer has donned the Ghostface mask and begins targeting a group of teenagers to resurrect secrets from the town’s deadly past.",
        "backdrop_path_original": "https://image.tmdb.org/t/p/original//ifUfE79O1raUwbaQRIB7XnFz5ZC.jpg",
        "poster_path_original": "https://image.tmdb.org/t/p/original//nD4M4Bx457ryLuKYpxFwQ2IBJ5w.jpg",
        "trailerUrl": "https://www.youtube.com/embed/EHehbEqBPzM?autoplay=1&mute=1&loop=1&playlist=EHehbEqBPzM",
        "budget": 24000000,
        "revenue": 140041405,
        "runtime": 114,
        "homepage": "https://www.paramountmovies.com/movies/scream",
        "genres": [
            27,
            53,
            9648
        ],
        "production_companies": [
            4,
            126588,
            130448,
            143790
        ],
        "movie_like_users": [],
        "movie_dislike_users": [],
        "actor": [
            6407,
            9206,
            14405,
            15234,
            22108,
            51957,
            59219,
            112476,
            974169,
            1030513,
            1159576,
            1373659,
            1508653,
            1640439,
            2174509
        ]
    }
},
{
    "model": "movies.movie",
    "pk": 145,
    "fields": {
        "movie_id": 49046,
        "title": "All Quiet on the Western Front",
        "release_date": "2022-10-07",
        "popularity": 164.268,
        "vote_count": 2701,
        "vote_average": 7.762,
        "overview": "Paul Baumer and his friends Albert and Muller, egged on by romantic dreams of heroism, voluntarily enlist in the German army. Full of excitement and patriotic fervour, the boys enthusiastically march into a war they believe in. But once on the Western Front, they discover the soul-destroying horror of World War I.",
        "backdrop_path_original": "https://image.tmdb.org/t/p/original//mqsPyyeDCBAghXyjbw4TfEYwljw.jpg",
        "poster_path_original": "https://image.tmdb.org/t/p/original//2IRjbi9cADuDMKmHdLK7LaqQDKA.jpg",
        "trailerUrl": "https://www.youtube.com/embed/zvsESFM_USI?autoplay=1&mute=1&loop=1&playlist=zvsESFM_USI",
        "budget": 20000000,
        "revenue": 0,
        "runtime": 147,
        "homepage": "https://www.netflix.com/title/81260280",
        "genres": [
            18,
            10752
        ],
        "production_companies": [
            36616,
            52059,
            130236
        ],
        "movie_like_users": [],
        "movie_dislike_users": [],
        "actor": [
            1111158,
            1820948,
            3631223
        ]
    }
},
{
    "model": "movies.movie",
    "pk": 146,
    "fields": {
        "movie_id": 1064841,
        "title": "Ustedes deciden",
        "release_date": "2023-01-25",
        "popularity": 97.525,
        "vote_count": 11,
        "vote_average": 6.727,
        "overview": "Having had his fill of rejections in the acting business, Nico decides to pursue fame via another medium: social media. In a virtual world driven by influencers, likes, and celebrity obsessions, Nico stumbles into a series of hilarious and strange encounters that will test how far he’s willing to go for social media stardom.",
        "backdrop_path_original": "https://image.tmdb.org/t/p/original//hcODV0vOFE07zJLdeBA92fZYvv3.jpg",
        "poster_path_original": "https://image.tmdb.org/t/p/original//QhyBSSw9dsDlyNvsXLKpHsQgI9.jpg",
        "trailerUrl": "https://www.youtube.com/embed/JZ96V12yWIQ?autoplay=1&mute=1&loop=1&playlist=JZ96V12yWIQ",
        "budget": 0,
        "revenue": 0,
        "runtime": 92,
        "homepage": "",
        "genres": [
            35
        ],
        "production_companies": [
            167461,
            188979
        ],
        "movie_like_users": [],
        "movie_dislike_users": [],
        "actor": [
            1240540
        ]
    }
},
{
    "model": "movies.movie",
    "pk": 147,
    "fields": {
        "movie_id": 568124,
        "title": "Encanto",
        "release_date": "2021-10-13",
        "popularity": 154.399,
        "vote_count": 8212,
        "vote_average": 7.639,
        "overview": "The tale of an extraordinary family, the Madrigals, who live hidden in the mountains of Colombia, in a magical house, in a vibrant town, in a wondrous, charmed place called an Encanto. The magic of the Encanto has blessed every child in the family—every child except one, Mirabel. But when she discovers that the magic surrounding the Encanto is in danger, Mirabel decides that she, the only ordinary Madrigal, might just be her exceptional family's last hope.",
        "backdrop_path_original": "https://image.tmdb.org/t/p/original//3G1Q5xF40HkUBJXxt2DQgQzKTp5.jpg",
        "poster_path_original": "https://image.tmdb.org/t/p/original//4j0PNHkMr5ax3IA8tjtxcmPU3QT.jpg",
        "trailerUrl": "https://www.youtube.com/embed/0Rmiq2PPQDg?autoplay=1&mute=1&loop=1&playlist=0Rmiq2PPQDg",
        "budget": 50000000,
        "revenue": 253000000,
        "runtime": 102,
        "homepage": "https://movies.disney.com/encanto",
        "genres": [
            14,
            16,
            35,
            10751
        ],
        "production_companies": [
            2,
            6125
        ],
        "movie_like_users": [],
        "movie_dislike_users": [],
        "actor": [
            5723,
            968367,
            2521631,
            3150235
        ]
    }
},
{
    "model": "movies.movie",
    "pk": 148,
    "fields": {
        "movie_id": 785084,
        "title": "The Whale",
        "release_date": "2022-12-09",
        "popularity": 188.422,
        "vote_count": 2315,
        "vote_average": 8.044,
        "overview": "A reclusive English teacher suffering from severe obesity attempts to reconnect with his estranged teenage daughter for one last chance at redemption.",
        "backdrop_path_original": "https://image.tmdb.org/t/p/original//46FRuCeAn6TrS4F1P4F9zhyCpyo.jpg",
        "poster_path_original": "https://image.tmdb.org/t/p/original//jQ0gylJMxWSL490sy0RrPj1Lj7e.jpg",
        "trailerUrl": "https://www.youtube.com/embed/PD2w1NNoNE4?autoplay=1&mute=1&loop=1&playlist=PD2w1NNoNE4",
        "budget": 3000000,
        "revenue": 55101305,
        "runtime": 116,
        "homepage": "https://a24films.com/films/the-whale",
        "genres": [
            18
        ],
        "production_companies": [
            7503,
            41077
        ],
        "movie_like_users": [],
        "movie_dislike_users": [],
        "actor": [
            2206,
            17181,
            18269,
            1360317,
            1377031,
            1590797,
            2433620
        ]
    }
},
{
    "model": "movies.movie",
    "pk": 149,
    "fields": {
        "movie_id": 792775,
        "title": "Cop Secret",
        "release_date": "2022-05-23",
        "popularity": 121.003,
        "vote_count": 74,
        "vote_average": 6.2,
        "overview": "When Bússi, Iceland's toughest cop, is forced to work with a new partner to solve a series of bank robberies, the pressure to close the case as soon as possible proves too much for him.",
        "backdrop_path_original": "https://image.tmdb.org/t/p/original//sUuzl04qNIYsnwCLQpZ2RSvXA1V.jpg",
        "poster_path_original": "https://image.tmdb.org/t/p/original//jnWyZsaCl3Ke6u6ReSmBRO8S1rX.jpg",
        "trailerUrl": "https://www.youtube.com/embed/0teUSXdTHKw?autoplay=1&mute=1&loop=1&playlist=0teUSXdTHKw",
        "budget": 0,
        "revenue": 0,
        "runtime": 100,
        "homepage": "https://pegasus.is/portfolio-posts/cop-secret",
        "genres": [
            28,
            35,
            53
        ],
        "production_companies": [
            12496,
            174920,
            179454
        ],
        "movie_like_users": [],
        "movie_dislike_users": [],
        "actor": [
            1113248
        ]
    }
},
{
    "model": "movies.movie",
    "pk": 150,
    "fields": {
        "movie_id": 438148,
        "title": "Minions: The Rise of Gru",
        "release_date": "2022-06-29",
        "popularity": 161.489,
        "vote_count": 2839,
        "vote_average": 7.432,
        "overview": "A fanboy of a supervillain supergroup known as the Vicious 6, Gru hatches a plan to become evil enough to join them, with the backup of his followers, the Minions.",
        "backdrop_path_original": "https://image.tmdb.org/t/p/original//uMSxXLfH7v30gRNBqsQaSP3yqX5.jpg",
        "poster_path_original": "https://image.tmdb.org/t/p/original//wKiOkZTN9lUUUNZLmtnwubZYONg.jpg",
        "trailerUrl": "https://www.youtube.com/embed/-ExA_Ojo1kY?autoplay=1&mute=1&loop=1&playlist=-ExA_Ojo1kY",
        "budget": 85000000,
        "revenue": 939628210,
        "runtime": 87,
        "homepage": "https://www.minionsmovie.com/",
        "genres": [
            16,
            35,
            10751
        ],
        "production_companies": [
            33,
            6704
        ],
        "movie_like_users": [],
        "movie_dislike_users": [],
        "actor": [
            1620,
            1903,
            4495,
            4581,
            5823,
            11160,
            15111,
            16644,
            20584,
            21200,
            24362,
            31531,
            40036,
            59919,
            124747,
            1468779
        ]
    }
},
{
    "model": "movies.movie",
    "pk": 151,
    "fields": {
        "movie_id": 873126,
        "title": "My Name Is Vendetta",
        "release_date": "2022-11-30",
        "popularity": 119.384,
        "vote_count": 467,
        "vote_average": 6.778,
        "overview": "After old enemies kill his family, a former mafia enforcer and his feisty daughter flee to Milan, where they hide out while plotting their revenge.",
        "backdrop_path_original": "https://image.tmdb.org/t/p/original//edOt2jNyCbb8SQSvulD2sRRJhmA.jpg",
        "poster_path_original": "https://image.tmdb.org/t/p/original//7l3war94J4tRyWUiLAGokr3ViF2.jpg",
        "trailerUrl": "https://www.youtube.com/embed/mKRYPFKQdZg?autoplay=1&mute=1&loop=1&playlist=mKRYPFKQdZg",
        "budget": 0,
        "revenue": 0,
        "runtime": 90,
        "homepage": "https://www.netflix.com/title/81458368",
        "genres": [
            28,
            53,
            80
        ],
        "production_companies": [
            2534
        ],
        "movie_like_users": [],
        "movie_dislike_users": [],
        "actor": [
            41527,
            57345,
            2305273
        ]
    }
},
{
    "model": "movies.movie",
    "pk": 152,
    "fields": {
        "movie_id": 842942,
        "title": "Bandit",
        "release_date": "2022-09-23",
        "popularity": 134.895,
        "vote_count": 165,
        "vote_average": 6.185,
        "overview": "After escaping a Michigan prison, a charming career criminal assumes a new identity in Canada and goes on to rob a record 59 banks and jewellery stores while being hunted by a rogue task force. Based on the story of The Flying Bandit.",
        "backdrop_path_original": "https://image.tmdb.org/t/p/original//oeBom7DLr85lixEkWOGmhCPEfuY.jpg",
        "poster_path_original": "https://image.tmdb.org/t/p/original//yph9PAbmjYPvyvbeZvdYIhCZHEu.jpg",
        "trailerUrl": "https://www.youtube.com/embed/sSjYZXVXiaM?autoplay=1&mute=1&loop=1&playlist=sSjYZXVXiaM",
        "budget": 0,
        "revenue": 0,
        "runtime": 126,
        "homepage": "",
        "genres": [
            18,
            53,
            80
        ],
        "production_companies": [
            53169,
            75355,
            142122
        ],
        "movie_like_users": [],
        "movie_dislike_users": [],
        "actor": [
            2461,
            19536,
            21316,
            25837,
            1075049,
            2518136
        ]
    }
},
{
    "model": "movies.movie",
    "pk": 153,
    "fields": {
        "movie_id": 1058732,
        "title": "The Simpsons Meet the Bocellis in Feliz Navidad",
        "release_date": "2022-12-15",
        "popularity": 131.736,
        "vote_count": 39,
        "vote_average": 5.244,
        "overview": "This Christmas, Homer surprises Marge with the ultimate gift: an unforgettable performance from Italian opera superstar Andrea Bocelli and his children Matteo and Virginia.",
        "backdrop_path_original": "https://image.tmdb.org/t/p/original//9j0V8Fw5u4cv9cESUXUmTGmpXU5.jpg",
        "poster_path_original": "https://image.tmdb.org/t/p/original//9rJFKvYvSyQ3HoTl1gcU55FOzYi.jpg",
        "trailerUrl": "https://www.youtube.com/embed/8itcioHD6ow?autoplay=1&mute=1&loop=1&playlist=8itcioHD6ow",
        "budget": 0,
        "revenue": 0,
        "runtime": 4,
        "homepage": "https://www.disneyplus.com/movies/the-simpsons-meet-the-bocellis-in-feliz-navidad/5BFYPqllnyb4",
        "genres": [
            16,
            35,
            10751
        ],
        "production_companies": [
            18,
            21659,
            154887
        ],
        "movie_like_users": [],
        "movie_dislike_users": [],
        "actor": [
            198,
            199,
            200,
            5586,
            85564
        ]
    }
},
{
    "model": "movies.movie",
    "pk": 154,
    "fields": {
        "movie_id": 964426,
        "title": "Gold Run",
        "release_date": "2022-12-15",
        "popularity": 114.993,
        "vote_count": 41,
        "vote_average": 6.683,
        "overview": "Fredrik isn’t the bravest of men, but now he is faced with a great responsibility and an enormous task - to get the entire Norwegian gold reserve away from the Nazis during the invasion of Norway.",
        "backdrop_path_original": "https://image.tmdb.org/t/p/original//9H7oVnG4P75bda0y1t7EGDoPnRD.jpg",
        "poster_path_original": "https://image.tmdb.org/t/p/original//6E4LopmCMUXcMLIv7o3jw1xQrgJ.jpg",
        "trailerUrl": "https://www.youtube.com/embed/iZphQUljiqw?autoplay=1&mute=1&loop=1&playlist=iZphQUljiqw",
        "budget": 0,
        "revenue": 0,
        "runtime": 117,
        "homepage": "https://viaplay.no/filmer/gulltransporten-2022",
        "genres": [
            12,
            28,
            53,
            10752
        ],
        "production_companies": [
            98438,
            178553
        ],
        "movie_like_users": [],
        "movie_dislike_users": [],
        "actor": [
            47176,
            71187,
            74720,
            77981
        ]
    }
},
{
    "model": "movies.movie",
    "pk": 155,
    "fields": {
        "movie_id": 508947,
        "title": "Turning Red",
        "release_date": "2022-03-10",
        "popularity": 139.169,
        "vote_count": 4182,
        "vote_average": 7.468,
        "overview": "Thirteen-year-old Mei is experiencing the awkwardness of being a teenager with a twist – when she gets too excited, she transforms into a giant red panda.",
        "backdrop_path_original": "https://image.tmdb.org/t/p/original//fOy2Jurz9k6RnJnMUMRDAgBwru2.jpg",
        "poster_path_original": "https://image.tmdb.org/t/p/original//qsdjk9oAKSQMWs0Vt5Pyfh6O4GZ.jpg",
        "trailerUrl": "https://www.youtube.com/embed/0cmLEJGhZGM?autoplay=1&mute=1&loop=1&playlist=0cmLEJGhZGM",
        "budget": 190000000,
        "revenue": 18879922,
        "runtime": 100,
        "homepage": "https://www.disneyplus.com/movies/turning-red/4mFPCXJi7N2m",
        "genres": [
            14,
            16,
            35,
            10751
        ],
        "production_companies": [
            2,
            3
        ],
        "movie_like_users": [],
        "movie_dislike_users": [],
        "actor": [
            25540,
            3156344
        ]
    }
},
{
    "model": "movies.movie",
    "pk": 156,
    "fields": {
        "movie_id": 1058949,
        "title": "Little Dixie",
        "release_date": "2023-02-03",
        "popularity": 126.032,
        "vote_count": 99,
        "vote_average": 5.884,
        "overview": "Erstwhile Special Forces operative Doc Alexander is asked to broker a truce with the Mexican drug cartel in secrecy. When Oklahoma Governor Richard Jeffs celebrates the execution of a high-ranking cartel member on TV, his Chief of Staff and Doc inform him about the peace he just ended. But it’s too late, as Cuco, the cartel’s hatchet man, has set his vengeful sights on Doc’s daughter Dixie.",
        "backdrop_path_original": "https://image.tmdb.org/t/p/original//bvAMLx00BOr6vkSQWZscwGrPdGI.jpg",
        "poster_path_original": "https://image.tmdb.org/t/p/original//cmWTZj9zzT9KFt3XyL0gssL7Ig8.jpg",
        "trailerUrl": "https://www.youtube.com/embed/z2oJulkQ9Ok?autoplay=1&mute=1&loop=1&playlist=z2oJulkQ9Ok",
        "budget": 0,
        "revenue": 0,
        "runtime": 105,
        "homepage": "",
        "genres": [
            18,
            28,
            53,
            80
        ],
        "production_companies": [
            20312,
            115524
        ],
        "movie_like_users": [],
        "movie_dislike_users": [],
        "actor": [
            11803,
            34199,
            37149,
            48530,
            49425,
            58115,
            81685,
            83862,
            133067,
            968889,
            1078613,
            1181331,
            2336975
        ]
    }
},
{
    "model": "movies.movie",
    "pk": 157,
    "fields": {
        "movie_id": 573171,
        "title": "A Frozen Rooster",
        "release_date": "2022-12-14",
        "popularity": 126.915,
        "vote_count": 286,
        "vote_average": 7.785,
        "overview": "Follow the adventures of Toto and his family, who will have to travel to the South Pole to fulfill their promise to return a polar bear and some Spanish penguins to their home. In order to fulfill the promise, they will have to overcome some obstacles that will teach them how important teamwork is.",
        "backdrop_path_original": "https://image.tmdb.org/t/p/original//qdFrqXYH6PtyAVlegub7bpoSgro.jpg",
        "poster_path_original": "https://image.tmdb.org/t/p/original//d7i9UXE7IfPx2uYtYKzgjs6zYzR.jpg",
        "trailerUrl": "https://www.youtube.com/embed/eHS_WYrK69Q?autoplay=1&mute=1&loop=1&playlist=eHS_WYrK69Q",
        "budget": 0,
        "revenue": 0,
        "runtime": 91,
        "homepage": "",
        "genres": [
            12,
            16,
            35,
            10751
        ],
        "production_companies": [
            58366
        ],
        "movie_like_users": [],
        "movie_dislike_users": [],
        "actor": [
            52745
        ]
    }
},
{
    "model": "movies.movie",
    "pk": 158,
    "fields": {
        "movie_id": 988165,
        "title": "H.P. Lovecraft's Witch House",
        "release_date": "2022-06-29",
        "popularity": 101.948,
        "vote_count": 16,
        "vote_average": 5.313,
        "overview": "Determined to prove the possibility of alternate dimensions, a graduate student unknowingly unlocks a gateway to unimaginable horror. Based on the H.P. Lovecraft's short story The Dreams in the Witch House.",
        "backdrop_path_original": "https://image.tmdb.org/t/p/original//7cjY1IIrW1RwmHN8USPryKTAQHq.jpg",
        "poster_path_original": "https://image.tmdb.org/t/p/original//5KmscR49WkmuPJKjmK4OUmsRn5C.jpg",
        "trailerUrl": "https://www.youtube.com/embed/EvEXDQKcdbE?autoplay=1&mute=1&loop=1&playlist=EvEXDQKcdbE",
        "budget": 0,
        "revenue": 0,
        "runtime": 82,
        "homepage": "https://www.witchhousemovie.com/",
        "genres": [
            27
        ],
        "production_companies": [
            134419
        ],
        "movie_like_users": [],
        "movie_dislike_users": [],
        "actor": [
            1357027,
            1541465,
            1685824
        ]
    }
},
{
    "model": "movies.movie",
    "pk": 159,
    "fields": {
        "movie_id": 335787,
        "title": "Uncharted",
        "release_date": "2022-02-10",
        "popularity": 149.716,
        "vote_count": 4707,
        "vote_average": 7.028,
        "overview": "A young street-smart, Nathan Drake and his wisecracking partner Victor “Sully” Sullivan embark on a dangerous pursuit of “the greatest treasure never found” while also tracking clues that may lead to Nathan’s long-lost brother.",
        "backdrop_path_original": "https://image.tmdb.org/t/p/original//fwrqW8Lp5VQuppFrODd4iJ8LySE.jpg",
        "poster_path_original": "https://image.tmdb.org/t/p/original//rJHC1RUORuUhtfNb4Npclx0xnOf.jpg",
        "trailerUrl": "https://www.youtube.com/embed/LgPj-TaHZWw?autoplay=1&mute=1&loop=1&playlist=LgPj-TaHZWw",
        "budget": 120000000,
        "revenue": 401748820,
        "runtime": 116,
        "homepage": "https://www.unchartedmovie.com",
        "genres": [
            12,
            28
        ],
        "production_companies": [
            5,
            264,
            451,
            507,
            14439,
            45198,
            125281
        ],
        "movie_like_users": [],
        "movie_dislike_users": [],
        "actor": [
            3131,
            13240,
            27764,
            1136406,
            1163789,
            1859934,
            1974046
        ]
    }
},
{
    "model": "movies.movie",
    "pk": 160,
    "fields": {
        "movie_id": 1114590,
        "title": "Anna Nicole Smith: You Don't Know Me",
        "release_date": "2023-05-16",
        "popularity": 127.476,
        "vote_count": 31,
        "vote_average": 6.452,
        "overview": "From the heights of her modeling fame to her tragic death, this documentary reveals Anna Nicole Smith through the eyes of the people closest to her.",
        "backdrop_path_original": "https://image.tmdb.org/t/p/original//nIXBaPRix53sq4W2KK8FazrGzc4.jpg",
        "poster_path_original": "https://image.tmdb.org/t/p/original//mybL2Hd3PvsY7Qyjf7W6BKsoECu.jpg",
        "trailerUrl": "https://www.youtube.com/embed/5p-0WRVZ-Pc?autoplay=1&mute=1&loop=1&playlist=5p-0WRVZ-Pc",
        "budget": 0,
        "revenue": 0,
        "runtime": 116,
        "homepage": "https://www.netflix.com/title/81380540",
        "genres": [
            99
        ],
        "production_companies": [
            87045,
            168294
        ],
        "movie_like_users": [],
        "movie_dislike_users": [],
        "actor": [
            115654
        ]
    }
},
{
    "model": "movies.movie",
    "pk": 161,
    "fields": {
        "movie_id": 555604,
        "title": "Guillermo del Toro's Pinocchio",
        "release_date": "2022-11-09",
        "popularity": 117.034,
        "vote_count": 2264,
        "vote_average": 8.224,
        "overview": "During the rise of fascism in Mussolini's Italy, a wooden boy brought magically to life struggles to live up to his father's expectations.",
        "backdrop_path_original": "https://image.tmdb.org/t/p/original//e782pDRAlu4BG0ahd777n8zfPzZ.jpg",
        "poster_path_original": "https://image.tmdb.org/t/p/original//vx1u0uwxdlhV2MUzj4VlcMB0N6m.jpg",
        "trailerUrl": "https://www.youtube.com/embed/h0djxgDyqOQ?autoplay=1&mute=1&loop=1&playlist=h0djxgDyqOQ",
        "budget": 35000000,
        "revenue": 0,
        "runtime": 117,
        "homepage": "https://www.netflix.com/title/80218455",
        "genres": [
            14,
            16,
            18,
            10402
        ],
        "production_companies": [
            6254,
            81667,
            101082
        ],
        "movie_like_users": [],
        "movie_dislike_users": [],
        "actor": []
    }
},
{
    "model": "movies.movie",
    "pk": 162,
    "fields": {
        "movie_id": 772515,
        "title": "Huesera: The Bone Woman",
        "release_date": "2023-02-10",
        "popularity": 103.885,
        "vote_count": 196,
        "vote_average": 5.821,
        "overview": "Valeria's joy at becoming a first-time mother is quickly taken away when she's cursed by a sinister entity. As danger closes in, she's forced deeper into a chilling world of dark magic that threatens to consume her.",
        "backdrop_path_original": "https://image.tmdb.org/t/p/original//A2avUoNFstnBhAnHiogXQs4c9Bt.jpg",
        "poster_path_original": "https://image.tmdb.org/t/p/original//zgpj76z9byUgcWnxLDmtZ3XqfvN.jpg",
        "trailerUrl": "https://www.youtube.com/embed/22g-vksXD8c?autoplay=1&mute=1&loop=1&playlist=22g-vksXD8c",
        "budget": 0,
        "revenue": 0,
        "runtime": 93,
        "homepage": "",
        "genres": [
            18,
            27,
            9648
        ],
        "production_companies": [
            14708,
            84645,
            184310,
            184311
        ],
        "movie_like_users": [],
        "movie_dislike_users": [],
        "actor": []
    }
},
{
    "model": "movies.movie",
    "pk": 163,
    "fields": {
        "movie_id": 599019,
        "title": "Big Trip 2: Special Delivery",
        "release_date": "2022-10-07",
        "popularity": 123.905,
        "vote_count": 70,
        "vote_average": 6.529,
        "overview": "It has been a year since Mic Mic and Oscar returned from their incredible adventure. And now, after a diabolical plan by Vulture to sabotage the delivery of the Grizzly cub to his opponent in the American presidential elections, Mic Mic, Oscar, Panda teenager and Stork set off on another great adventure as they ride a zeppelin to return little Grizzly to its rightful parents and save the American elections and the whole continent from an erupting volcano.",
        "backdrop_path_original": "https://image.tmdb.org/t/p/original//isGINC82PZmMblEJP2rBAvSlX37.jpg",
        "poster_path_original": "https://image.tmdb.org/t/p/original//dabXVfrAFfhDte8XVemom3mTJog.jpg",
        "trailerUrl": "https://www.youtube.com/embed/Wmwa73qhwi4?autoplay=1&mute=1&loop=1&playlist=Wmwa73qhwi4",
        "budget": 0,
        "revenue": 0,
        "runtime": 90,
        "homepage": "",
        "genres": [
            12,
            16,
            35,
            10751
        ],
        "production_companies": [
            103418,
            142108
        ],
        "movie_like_users": [],
        "movie_dislike_users": [],
        "actor": []
    }
},
{
    "model": "movies.movie",
    "pk": 164,
    "fields": {
        "movie_id": 298618,
        "title": "The Flash",
        "release_date": "2023-06-14",
        "popularity": 180.886,
        "vote_count": 0,
        "vote_average": 0.0,
        "overview": "When his attempt to save his family inadvertently alters the future, Barry Allen becomes trapped in a reality in which General Zod has returned and there are no Super Heroes to turn to. In order to save the world that he is in and return to the future that he knows, Barry's only hope is to race for his life. But will making the ultimate sacrifice be enough to reset the universe?",
        "backdrop_path_original": "https://image.tmdb.org/t/p/original//u0Idv93k1EPYahn1QjJXexbT2g2.jpg",
        "poster_path_original": "https://image.tmdb.org/t/p/original//6QBJs1e2jWSJSMLVxpMnsfilEuM.jpg",
        "trailerUrl": "https://www.youtube.com/embed/jprhe-cWKGs?autoplay=1&mute=1&loop=1&playlist=jprhe-cWKGs",
        "budget": 220000000,
        "revenue": 0,
        "runtime": 144,
        "homepage": "https://www.theflashmovie.com",
        "genres": [
            12,
            28,
            878
        ],
        "production_companies": [
            174,
            128064,
            152809,
            170335
        ],
        "movie_like_users": [],
        "movie_dislike_users": [],
        "actor": [
            335,
            880,
            2232,
            16971,
            17402,
            43202,
            132157,
            1253355,
            2542319
        ]
    }
},
{
    "model": "movies.movie",
    "pk": 165,
    "fields": {
        "movie_id": 324857,
        "title": "Spider-Man: Into the Spider-Verse",
        "release_date": "2018-12-14",
        "popularity": 149.091,
        "vote_count": 12744,
        "vote_average": 8.407,
        "overview": "Miles Morales is juggling his life between being a high school student and being a spider-man. When Wilson \"Kingpin\" Fisk uses a super collider, others from across the Spider-Verse are transported to this dimension.",
        "backdrop_path_original": "https://image.tmdb.org/t/p/original//qGQf2OHIkoh89K8XeKQzhxczf96.jpg",
        "poster_path_original": "https://image.tmdb.org/t/p/original//iiZZdoQBEYBv6id8su7ImL0oCbD.jpg",
        "trailerUrl": "https://www.youtube.com/embed/I3NHvQ0x4f0?autoplay=1&mute=1&loop=1&playlist=I3NHvQ0x4f0",
        "budget": 90000000,
        "revenue": 375464627,
        "runtime": 117,
        "homepage": "https://www.sonypictures.com/movies/spidermanintothespiderverse",
        "genres": [
            12,
            16,
            28,
            878
        ],
        "production_companies": [
            5,
            2251,
            77973,
            84041,
            166230
        ],
        "movie_like_users": [],
        "movie_dislike_users": [],
        "actor": [
            2963,
            10437,
            17696,
            23626,
            37153,
            62064,
            118752,
            130640,
            141610,
            226366,
            543505,
            587506,
            932967,
            933558,
            1443708
        ]
    }
},
{
    "model": "movies.movie",
    "pk": 166,
    "fields": {
        "movie_id": 1003580,
        "title": "Legion of Super-Heroes",
        "release_date": "2023-02-07",
        "popularity": 123.294,
        "vote_count": 88,
        "vote_average": 6.3,
        "overview": "Kara, devastated by the loss of Krypton, struggles to adjust to her new life on Earth. Her cousin, Superman, mentors her and suggests she leave their space-time to attend the Legion Academy in the 31st century, where she makes new friends and a new enemy: Brainiac 5. Meanwhile, she must contend with a mysterious group called the Dark Circle as it searches for a powerful weapon held in the Academy’s vault.",
        "backdrop_path_original": "https://image.tmdb.org/t/p/original//jhi3K0rN46SSu9wEu6zYVCOeVtH.jpg",
        "poster_path_original": "https://image.tmdb.org/t/p/original//8M6bA5t2q5u1nWDTEIXuGDwvboW.jpg",
        "trailerUrl": "https://www.youtube.com/embed/VQ9dsqHXT_E?autoplay=1&mute=1&loop=1&playlist=VQ9dsqHXT_E",
        "budget": 0,
        "revenue": 0,
        "runtime": 84,
        "homepage": "",
        "genres": [
            16,
            28,
            878
        ],
        "production_companies": [
            2785,
            9993,
            14772
        ],
        "movie_like_users": [],
        "movie_dislike_users": [],
        "actor": [
            49624,
            66743,
            228721,
            232499,
            1692795
        ]
    }
},
{
    "model": "movies.movie",
    "pk": 167,
    "fields": {
        "movie_id": 790496,
        "title": "Bad Luck Banging or Loony Porn",
        "release_date": "2021-04-29",
        "popularity": 150.302,
        "vote_count": 158,
        "vote_average": 6.582,
        "overview": "Emi, a school teacher, finds her career and reputation under threat after a personal sex tape is leaked on the Internet. Forced to meet the parents demanding her dismissal, Emi refuses to surrender to their pressure.",
        "backdrop_path_original": "https://image.tmdb.org/t/p/original//wP28rWRjcD1994uSLXAg0MZmUK7.jpg",
        "poster_path_original": "https://image.tmdb.org/t/p/original//zUTkjET8VUwvbvSHtn0Lou7xwyZ.jpg",
        "trailerUrl": "https://www.youtube.com/embed/lAzUsyk6nas?autoplay=1&mute=1&loop=1&playlist=lAzUsyk6nas",
        "budget": 0,
        "revenue": 0,
        "runtime": 106,
        "homepage": "http://badluckbanging.com",
        "genres": [
            35
        ],
        "production_companies": [
            7970,
            19437,
            20916,
            24870,
            47416,
            94128,
            142486,
            146667,
            165680,
            165681,
            165682,
            165683
        ],
        "movie_like_users": [],
        "movie_dislike_users": [],
        "actor": [
            1547403
        ]
    }
},
{
    "model": "movies.movie",
    "pk": 168,
    "fields": {
        "movie_id": 1093349,
        "title": "Barbie: Skipper and the Big Babysitting Adventure",
        "release_date": "2023-03-03",
        "popularity": 104.426,
        "vote_count": 31,
        "vote_average": 7.306,
        "overview": "Barbie’s younger sister Skipper is a babysitting expert, but when her babysitting business hits a snag, she takes a summer job at a water park and tries out different jobs with some new friends. A birthday party at the park goes awry and Skipper’s babysitting skills save the day! The success renews Skipper’s confidence in her babysitting business, and she and her new friends start a babysitting squad.",
        "backdrop_path_original": "https://image.tmdb.org/t/p/original//1c7UhsojAVKWYFR5Ldr5tkq35Sd.jpg",
        "poster_path_original": "https://image.tmdb.org/t/p/original//dBeIdkiWzWhH5JynDvCDpwAqbY5.jpg",
        "trailerUrl": "https://www.youtube.com/embed/1F4tGi_7Zvw?autoplay=1&mute=1&loop=1&playlist=1F4tGi_7Zvw",
        "budget": 0,
        "revenue": 0,
        "runtime": 63,
        "homepage": "https://www.netflix.com/title/81607691",
        "genres": [
            16,
            10751
        ],
        "production_companies": [
            137586
        ],
        "movie_like_users": [],
        "movie_dislike_users": [],
        "actor": [
            63333,
            174466,
            2112099,
            2204537
        ]
    }
},
{
    "model": "movies.movie",
    "pk": 169,
    "fields": {
        "movie_id": 955991,
        "title": "The Offering",
        "release_date": "2022-09-23",
        "popularity": 109.815,
        "vote_count": 131,
        "vote_average": 5.74,
        "overview": "In the wake of a young Jewish girl’s disappearance, the son of a Hasidic funeral director returns home with his pregnant wife in hopes of reconciling with his father. Little do they know that directly beneath them in the family morgue, an ancient evil with sinister plans for the unborn child lurks inside a mysterious corpse.",
        "backdrop_path_original": "https://image.tmdb.org/t/p/original//jDkmlTz9xBmhsIIyORb68VqRlL2.jpg",
        "poster_path_original": "https://image.tmdb.org/t/p/original//tbaTFgGIaTL1Uhd0SMob6Dhi5cK.jpg",
        "trailerUrl": "https://www.youtube.com/embed/oMc-iybcRdc?autoplay=1&mute=1&loop=1&playlist=oMc-iybcRdc",
        "budget": 0,
        "revenue": 0,
        "runtime": 93,
        "homepage": "",
        "genres": [
            18,
            27
        ],
        "production_companies": [
            1020,
            156903
        ],
        "movie_like_users": [],
        "movie_dislike_users": [],
        "actor": [
            222052
        ]
    }
},
{
    "model": "movies.movie",
    "pk": 170,
    "fields": {
        "movie_id": 10144,
        "title": "The Little Mermaid",
        "release_date": "1989-11-17",
        "popularity": 153.505,
        "vote_count": 7003,
        "vote_average": 7.3,
        "overview": "This colorful adventure tells the story of an impetuous mermaid princess named Ariel who falls in love with the very human Prince Eric and puts everything on the line for the chance to be with him. Memorable songs and characters -- including the villainous sea witch Ursula.",
        "backdrop_path_original": "https://image.tmdb.org/t/p/original//4w2uPtIo0lFSnQnWg0zVAqPJCLP.jpg",
        "poster_path_original": "https://image.tmdb.org/t/p/original//plcZXvI310FkbwIptvd6rqk63LP.jpg",
        "trailerUrl": "https://www.youtube.com/embed/_8FYESAKh_I?autoplay=1&mute=1&loop=1&playlist=_8FYESAKh_I",
        "budget": 40000000,
        "revenue": 211343479,
        "runtime": 83,
        "homepage": "https://movies.disney.com/the-little-mermaid",
        "genres": [
            14,
            16,
            10751
        ],
        "production_companies": [
            2,
            10282,
            171656
        ],
        "movie_like_users": [],
        "movie_dislike_users": [],
        "actor": [
            200,
            3202,
            9601,
            9807,
            15831,
            19545,
            31468,
            35232,
            35243,
            40352,
            63978,
            67392,
            67393,
            71781,
            81178,
            84493,
            101606,
            157660,
            184030,
            214701,
            1191737,
            2007559
        ]
    }
},
{
    "model": "movies.movie",
    "pk": 171,
    "fields": {
        "movie_id": 873256,
        "title": "Kiss, Kiss!",
        "release_date": "2023-04-26",
        "popularity": 88.094,
        "vote_count": 19,
        "vote_average": 6.3,
        "overview": "Convinced he can charm any woman, a tenacious flirt sets his sights on a headstrong bride-to-be engaged to the son of an ambitious politician.",
        "backdrop_path_original": "https://image.tmdb.org/t/p/original//m0mLjT3TkTXYU2e1XP3wmYDlIml.jpg",
        "poster_path_original": "https://image.tmdb.org/t/p/original//kqltY4yywn4ex1Cht6f4lercrW4.jpg",
        "trailerUrl": "https://www.youtube.com/embed/kQTLklkqfZw?autoplay=1&mute=1&loop=1&playlist=kQTLklkqfZw",
        "budget": 0,
        "revenue": 0,
        "runtime": 0,
        "homepage": "",
        "genres": [
            35,
            10749
        ],
        "production_companies": [
            54734
        ],
        "movie_like_users": [],
        "movie_dislike_users": [],
        "actor": [
            52007,
            83266,
            122669,
            935612,
            1270381,
            1482162,
            1567576,
            1592548,
            1613062,
            1814791,
            1867577,
            2558522
        ]
    }
},
{
    "model": "movies.movie",
    "pk": 172,
    "fields": {
        "movie_id": 960258,
        "title": "Shark Bait",
        "release_date": "2022-05-13",
        "popularity": 120.554,
        "vote_count": 236,
        "vote_average": 5.835,
        "overview": "A group of friends enjoying a weekend steal a couple of jetskis racing them out to sea, ending up in a horrific head-on collision. They struggle to find a way home with a badly injured friend while from the waters below predators lurk.",
        "backdrop_path_original": "https://image.tmdb.org/t/p/original//dvHKdXijoN1OEzGcPhd0eRvkfMd.jpg",
        "poster_path_original": "https://image.tmdb.org/t/p/original//bVUgMgVozyFScDM3quP412kXrT.jpg",
        "trailerUrl": "https://www.youtube.com/embed/3U09a_Gyv6w?autoplay=1&mute=1&loop=1&playlist=3U09a_Gyv6w",
        "budget": 0,
        "revenue": 0,
        "runtime": 87,
        "homepage": "",
        "genres": [
            12,
            27,
            28,
            53
        ],
        "production_companies": [
            290,
            85170
        ],
        "movie_like_users": [],
        "movie_dislike_users": [],
        "actor": [
            1383391
        ]
    }
},
{
    "model": "movies.movie",
    "pk": 173,
    "fields": {
        "movie_id": 829410,
        "title": "Sick",
        "release_date": "2022-09-11",
        "popularity": 87.802,
        "vote_count": 135,
        "vote_average": 6.337,
        "overview": "In the midst of the pandemic, college student Parker and her best friend Miri decide to self-quarantine at her family's lake house, where they will be alone — or so they think.",
        "backdrop_path_original": "https://image.tmdb.org/t/p/original//ve3RLbCSuUKA02OZJ5F0fMmXVMn.jpg",
        "poster_path_original": "https://image.tmdb.org/t/p/original//nBgxSimgLMGYCQckRQw7C2f7row.jpg",
        "trailerUrl": "https://www.youtube.com/embed/IlS90jL1EHQ?autoplay=1&mute=1&loop=1&playlist=IlS90jL1EHQ",
        "budget": 0,
        "revenue": 0,
        "runtime": 83,
        "homepage": "https://www.peacocktv.com/stream-movies/sick",
        "genres": [
            27,
            53
        ],
        "production_companies": [
            14,
            2180,
            3172
        ],
        "movie_like_users": [],
        "movie_dislike_users": [],
        "actor": [
            1803286
        ]
    }
},
{
    "model": "movies.movie",
    "pk": 174,
    "fields": {
        "movie_id": 851644,
        "title": "20th Century Girl",
        "release_date": "2022-10-06",
        "popularity": 118.691,
        "vote_count": 452,
        "vote_average": 8.34,
        "overview": "Yeon-du asks her best friend Bora to collect all the information she can about Baek Hyun-jin while she is away in the U.S. for heart surgery. Bora decides to get close to Baek's best friend, Pung Woon-ho first. However, Bora's clumsy plan unfolds in an unexpected direction. In 1999, a year before the new century, Bora, who turns seventeen, falls into the fever of first love.",
        "backdrop_path_original": "https://image.tmdb.org/t/p/original//rl7Jw8PjhSIjArOlDNv0JQPL1ZV.jpg",
        "poster_path_original": "https://image.tmdb.org/t/p/original//od22ftNnyag0TTxcnJhlsu3aLoU.jpg",
        "trailerUrl": "https://www.youtube.com/embed/KFS4_qevE7M?autoplay=1&mute=1&loop=1&playlist=KFS4_qevE7M",
        "budget": 119,
        "revenue": 0,
        "runtime": 119,
        "homepage": "",
        "genres": [
            18,
            10749
        ],
        "production_companies": [
            49096
        ],
        "movie_like_users": [],
        "movie_dislike_users": [],
        "actor": [
            17127,
            86330,
            140335,
            227638,
            240145,
            1292971,
            1333031,
            1806235,
            1988291,
            1998163,
            2117890,
            2377671,
            2500944,
            2692450,
            3218480,
            3281025,
            3445783,
            3728650,
            3728652,
            3979575,
            4009673
        ]
    }
},
{
    "model": "movies.movie",
    "pk": 175,
    "fields": {
        "movie_id": 813726,
        "title": "A Tourist's Guide to Love",
        "release_date": "2023-04-21",
        "popularity": 195.62,
        "vote_count": 82,
        "vote_average": 6.5,
        "overview": "After an unexpected break up, a travel executive accepts an assignment to go undercover and learn about the tourist industry in Vietnam. Along the way, she finds adventure and romance with her Vietnamese expat tour guide and they decide to hijack the tour bus in order to explore life and love off the beaten path.",
        "backdrop_path_original": "https://image.tmdb.org/t/p/original//z3Qc5a0grcCREAQKqI195P05dVf.jpg",
        "poster_path_original": "https://image.tmdb.org/t/p/original//uWkpjbBe4gRZilXRXbYfsMUZMhz.jpg",
        "trailerUrl": "https://www.youtube.com/embed/0fbsBQ5Le_I?autoplay=1&mute=1&loop=1&playlist=0fbsBQ5Le_I",
        "budget": 0,
        "revenue": 0,
        "runtime": 96,
        "homepage": "https://www.netflix.com/title/81424906",
        "genres": [
            12,
            35,
            10749
        ],
        "production_companies": [
            48782,
            78703,
            192389,
            192391
        ],
        "movie_like_users": [],
        "movie_dislike_users": [],
        "actor": [
            1294,
            38581,
            78431,
            1104321
        ]
    }
},
{
    "model": "movies.movie",
    "pk": 176,
    "fields": {
        "movie_id": 1045944,
        "title": "The Boss Baby: Christmas Bonus",
        "release_date": "2022-12-06",
        "popularity": 117.655,
        "vote_count": 236,
        "vote_average": 6.809,
        "overview": "Christmas Eve takes a twisty turn when the Boss Baby accidentally swaps places with one of Santa's elves and gets stranded at the North Pole.",
        "backdrop_path_original": "https://image.tmdb.org/t/p/original//nITzFbM1JS7WEvFjjGL0kCb2yPr.jpg",
        "poster_path_original": "https://image.tmdb.org/t/p/original//iMmMxF6f2OonUrXrHKBLSYAhXly.jpg",
        "trailerUrl": "https://www.youtube.com/embed/4oGiLPQyztg?autoplay=1&mute=1&loop=1&playlist=4oGiLPQyztg",
        "budget": 0,
        "revenue": 0,
        "runtime": 47,
        "homepage": "https://www.netflix.com/title/81500345",
        "genres": [
            12,
            16,
            10751
        ],
        "production_companies": [
            521
        ],
        "movie_like_users": [],
        "movie_dislike_users": [],
        "actor": [
            992427,
            1541380
        ]
    }
},
{
    "model": "movies.movie",
    "pk": 177,
    "fields": {
        "movie_id": 580489,
        "title": "Venom: Let There Be Carnage",
        "release_date": "2021-09-30",
        "popularity": 144.978,
        "vote_count": 8801,
        "vote_average": 6.865,
        "overview": "After finding a host body in investigative reporter Eddie Brock, the alien symbiote must face a new enemy, Carnage, the alter ego of serial killer Cletus Kasady.",
        "backdrop_path_original": "https://image.tmdb.org/t/p/original//vIgyYkXkg6NC2whRbYjBD7eb3Er.jpg",
        "poster_path_original": "https://image.tmdb.org/t/p/original//rjkmN1dniUHVYAtwuV3Tji7FsDO.jpg",
        "trailerUrl": "https://www.youtube.com/embed/j5Jq6jA1jLA?autoplay=1&mute=1&loop=1&playlist=j5Jq6jA1jLA",
        "budget": 110000000,
        "revenue": 506863592,
        "runtime": 97,
        "homepage": "https://www.venom.movie",
        "genres": [
            12,
            28,
            878
        ],
        "production_companies": [
            5,
            34,
            7505,
            53462,
            84041,
            166230
        ],
        "movie_like_users": [],
        "movie_dislike_users": [],
        "actor": [
            1115,
            1812,
            2038,
            2524,
            57755,
            81316,
            1225043,
            1966036,
            2141479
        ]
    }
},
{
    "model": "movies.movie",
    "pk": 178,
    "fields": {
        "movie_id": 438695,
        "title": "Sing 2",
        "release_date": "2021-12-01",
        "popularity": 138.331,
        "vote_count": 3693,
        "vote_average": 7.951,
        "overview": "Buster and his new cast now have their sights set on debuting a new show at the Crystal Tower Theater in glamorous Redshore City. But with no connections, he and his singers must sneak into the Crystal Entertainment offices, run by the ruthless wolf mogul Jimmy Crystal, where the gang pitches the ridiculous idea of casting the lion rock legend Clay Calloway in their show. Buster must embark on a quest to find the now-isolated Clay and persuade him to return to the stage.",
        "backdrop_path_original": "https://image.tmdb.org/t/p/original//6mJrgL7Mi13XjJeGYJFlD6UEVQw.jpg",
        "poster_path_original": "https://image.tmdb.org/t/p/original//aWeKITRFbbwY8txG5uCj4rMCfSP.jpg",
        "trailerUrl": "https://www.youtube.com/embed/ecJk4W_PGZM?autoplay=1&mute=1&loop=1&playlist=ecJk4W_PGZM",
        "budget": 85000000,
        "revenue": 406000000,
        "runtime": 110,
        "homepage": "https://www.illumination.com/movie/sing-2/",
        "genres": [
            16,
            10751
        ],
        "production_companies": [
            33,
            6704
        ],
        "movie_like_users": [],
        "movie_dislike_users": [],
        "actor": [
            368,
            1245,
            1836,
            10297,
            11115,
            12094,
            15762,
            17039,
            17881,
            21127,
            26473,
            33684,
            83105,
            155532,
            208519,
            558267,
            934159,
            1083010,
            1240868,
            1303037,
            1540615,
            1997030
        ]
    }
}
]
